%YAML 1.1
%TAG !u! tag:unity3d.com,2011:
--- !u!114 &-8812134773878817724
MonoBehaviour:
  m_ObjectHideFlags: 0
  m_CorrespondingSourceObject: {fileID: 0}
  m_PrefabInstance: {fileID: 0}
  m_PrefabAsset: {fileID: 0}
  m_GameObject: {fileID: 0}
  m_Enabled: 1
  m_EditorHideFlags: 0
  m_Script: {fileID: 11500000, guid: 971dd80cf3da9a747bd88f74650179cd, type: 3}
  m_Name: RP_DropDownInt
  m_EditorClassIdentifier: 
  mainAsset: {fileID: -3538627109823178531}
  foldoutTitle: 
  showRule: 0
  selectedParameter: {fileID: 4608563483167811663}
  selectedParameterIndex: 0
  availableParameterLabels:
  - Manual
  - Based on Parent Size
  - Random Value
--- !u!114 &-6817935431492996068
MonoBehaviour:
  m_ObjectHideFlags: 0
  m_CorrespondingSourceObject: {fileID: 0}
  m_PrefabInstance: {fileID: 0}
  m_PrefabAsset: {fileID: 0}
  m_GameObject: {fileID: 0}
  m_Enabled: 1
  m_EditorHideFlags: 0
  m_Script: {fileID: 11500000, guid: 34d79d25b309c764185f02c4a3efe230, type: 3}
  m_Name: RP_IntManual
  m_EditorClassIdentifier: 
  mainAsset: {fileID: -3538627109823178531}
  foldoutTitle: 
  showRule: 0
  manualSizeValue: 6
--- !u!114 &-5085891451765878250
MonoBehaviour:
  m_ObjectHideFlags: 0
  m_CorrespondingSourceObject: {fileID: 0}
  m_PrefabInstance: {fileID: 0}
  m_PrefabAsset: {fileID: 0}
  m_GameObject: {fileID: 0}
  m_Enabled: 1
  m_EditorHideFlags: 0
  m_Script: {fileID: 11500000, guid: 971dd80cf3da9a747bd88f74650179cd, type: 3}
  m_Name: RP_DropDownInt
  m_EditorClassIdentifier: 
  mainAsset: {fileID: -3538627109823178531}
  foldoutTitle: 
  showRule: 0
  selectedParameter: {fileID: 2272484885172585357}
  selectedParameterIndex: 0
  availableParameterLabels:
  - Manual
  - Based on Parent Size
  - Random Value
--- !u!114 &-3806690532405717105
MonoBehaviour:
  m_ObjectHideFlags: 0
  m_CorrespondingSourceObject: {fileID: 0}
  m_PrefabInstance: {fileID: 0}
  m_PrefabAsset: {fileID: 0}
  m_GameObject: {fileID: 0}
  m_Enabled: 1
  m_EditorHideFlags: 0
  m_Script: {fileID: 11500000, guid: 971dd80cf3da9a747bd88f74650179cd, type: 3}
  m_Name: RP_DropDownInt
  m_EditorClassIdentifier: 
  mainAsset: {fileID: -3538627109823178531}
  foldoutTitle: 
  showRule: 0
  selectedParameter: {fileID: -6817935431492996068}
  selectedParameterIndex: 0
  availableParameterLabels:
  - Manual
  - Based on Parent Size
  - Random Value
--- !u!114 &-3790882614939843740
MonoBehaviour:
  m_ObjectHideFlags: 0
  m_CorrespondingSourceObject: {fileID: 0}
  m_PrefabInstance: {fileID: 0}
  m_PrefabAsset: {fileID: 0}
  m_GameObject: {fileID: 0}
  m_Enabled: 1
  m_EditorHideFlags: 0
  m_Script: {fileID: 11500000, guid: 971dd80cf3da9a747bd88f74650179cd, type: 3}
  m_Name: RP_DropDownInt
  m_EditorClassIdentifier: 
  mainAsset: {fileID: -3538627109823178531}
  foldoutTitle: 
  showRule: 0
  selectedParameter: {fileID: 615718252952815011}
  selectedParameterIndex: 0
  availableParameterLabels:
  - Manual
  - Based on Parent Size
  - Random Value
--- !u!114 &-3538627109823178531
MonoBehaviour:
  m_ObjectHideFlags: 0
  m_CorrespondingSourceObject: {fileID: 0}
  m_PrefabInstance: {fileID: 0}
  m_PrefabAsset: {fileID: 0}
  m_GameObject: {fileID: 0}
  m_Enabled: 1
  m_EditorHideFlags: 0
  m_Script: {fileID: 11500000, guid: 3d06862f742ad58468b7d18d7c3ee2ed, type: 3}
  m_Name: TOR_Add_Grid_new
  m_EditorClassIdentifier: 
  RP_GridSize_CellsX: {fileID: -5085891451765878250}
  RP_GridSize_CellsY: {fileID: -8812134773878817724}
  RP_GridRows_Sizes: {fileID: 193567729047277624}
  gridSize_Tiles_Minimal: {x: 1, y: 1}
  gridSize_Tiles_Maximal: {x: 1, y: 1}
  gridSize_Cells_Minimal: {x: 3, y: 3}
  gridSize_Cells_Maximal: {x: 3, y: 3}
  rowSizes_Tiles_Minimal:
    heights: 030000000600000009000000
    widths: 030000000600000009000000
  rowSizes_Tiles_Maximal:
    heights: 030000000600000009000000
    widths: 030000000600000009000000
  gridSize_Tiles_BasedOnCells_Minimal: {x: 18, y: 18}
  gridSize_Tiles_BasedOnCells_Maximal: {x: 18, y: 18}
  availableObjectsByPositions:
    topLeft:
    - {fileID: 11400000, guid: 3b7bbc3699b20d74babc5bacc3e103cc, type: 2}
    topCenter:
    - {fileID: 11400000, guid: 3b7bbc3699b20d74babc5bacc3e103cc, type: 2}
    topRight:
    - {fileID: 11400000, guid: 3b7bbc3699b20d74babc5bacc3e103cc, type: 2}
    middleLeft:
    - {fileID: 11400000, guid: 4ee90f3a87c90044da9a366f472fa11d, type: 2}
    middleCentre:
    - {fileID: 11400000, guid: 4ee90f3a87c90044da9a366f472fa11d, type: 2}
    middleRight:
    - {fileID: 11400000, guid: 4ee90f3a87c90044da9a366f472fa11d, type: 2}
    bottomLeft:
    - {fileID: 11400000, guid: 4ee90f3a87c90044da9a366f472fa11d, type: 2}
    bottomCenter:
    - {fileID: 11400000, guid: 4ee90f3a87c90044da9a366f472fa11d, type: 2}
    bottomRight:
    - {fileID: 11400000, guid: 4ee90f3a87c90044da9a366f472fa11d, type: 2}
  gridCells:
  - innerList:
    - tiledObject: {fileID: 0}
      cellSizeMin: {x: 0, y: 0}
      cellSizeMax: {x: 0, y: 0}
      cellPosition: {x: 0, y: 0}
      cellCurrentSize: {x: 0, y: 0}
  tiledObjectsWithPosition:
  - tiledObject: {fileID: 11400000, guid: 4ee90f3a87c90044da9a366f472fa11d, type: 2}
    availablePositions: 000000010101010101
  - tiledObject: {fileID: 11400000, guid: 3b7bbc3699b20d74babc5bacc3e103cc, type: 2}
    availablePositions: 010101000000000000
--- !u!114 &-3024840963895011889
MonoBehaviour:
  m_ObjectHideFlags: 0
  m_CorrespondingSourceObject: {fileID: 0}
  m_PrefabInstance: {fileID: 0}
  m_PrefabAsset: {fileID: 0}
  m_GameObject: {fileID: 0}
  m_Enabled: 1
  m_EditorHideFlags: 0
  m_Script: {fileID: 11500000, guid: 971dd80cf3da9a747bd88f74650179cd, type: 3}
  m_Name: RP_DropDownInt
  m_EditorClassIdentifier: 
  mainAsset: {fileID: -3538627109823178531}
  foldoutTitle: 
  showRule: 0
  selectedParameter: {fileID: 6539004974423809822}
  selectedParameterIndex: 0
  availableParameterLabels:
  - Manual
  - Based on Parent Size
  - Random Value
--- !u!114 &-1690939408625714784
MonoBehaviour:
  m_ObjectHideFlags: 0
  m_CorrespondingSourceObject: {fileID: 0}
  m_PrefabInstance: {fileID: 0}
  m_PrefabAsset: {fileID: 0}
  m_GameObject: {fileID: 0}
  m_Enabled: 1
  m_EditorHideFlags: 0
  m_Script: {fileID: 11500000, guid: 971dd80cf3da9a747bd88f74650179cd, type: 3}
  m_Name: RP_DropDownInt
  m_EditorClassIdentifier: 
  mainAsset: {fileID: -3538627109823178531}
  foldoutTitle: 
  showRule: 0
  selectedParameter: {fileID: -301941065580199389}
  selectedParameterIndex: 0
  availableParameterLabels:
  - Manual
  - Based on Parent Size
  - Random Value
--- !u!114 &-301941065580199389
MonoBehaviour:
  m_ObjectHideFlags: 0
  m_CorrespondingSourceObject: {fileID: 0}
  m_PrefabInstance: {fileID: 0}
  m_PrefabAsset: {fileID: 0}
  m_GameObject: {fileID: 0}
  m_Enabled: 1
  m_EditorHideFlags: 0
  m_Script: {fileID: 11500000, guid: 34d79d25b309c764185f02c4a3efe230, type: 3}
  m_Name: RP_IntManual
  m_EditorClassIdentifier: 
  mainAsset: {fileID: -3538627109823178531}
  foldoutTitle: 
  showRule: 0
  manualSizeValue: 9
--- !u!114 &11400000
MonoBehaviour:
  m_ObjectHideFlags: 0
  m_CorrespondingSourceObject: {fileID: 0}
  m_PrefabInstance: {fileID: 0}
  m_PrefabAsset: {fileID: 0}
  m_GameObject: {fileID: 0}
  m_Enabled: 1
  m_EditorHideFlags: 0
  m_Script: {fileID: 11500000, guid: 150db34a701e961488aa694d769cebe1, type: 3}
  m_Name: NewGridTest
  m_EditorClassIdentifier: 
  basicTiledObject:
    positionedTiles: []
    objectRules: []
    size: {x: 10, y: 10}
  rp_rule: {fileID: 768821740755557644}
--- !u!114 &193567729047277624
MonoBehaviour:
  m_ObjectHideFlags: 0
  m_CorrespondingSourceObject: {fileID: 0}
  m_PrefabInstance: {fileID: 0}
  m_PrefabAsset: {fileID: 0}
  m_GameObject: {fileID: 0}
  m_Enabled: 1
  m_EditorHideFlags: 0
  m_Script: {fileID: 11500000, guid: 6511b4a15f20cb146a8fc7074f567048, type: 3}
  m_Name: RP_GridRowsSizes
  m_EditorClassIdentifier: 
  mainAsset: {fileID: -3538627109823178531}
  foldoutTitle: 
  showRule: 0
  RP_GridRow_Heights:
  - {fileID: 8253847821789156578}
  - {fileID: 4199677751955810097}
  - {fileID: -3024840963895011889}
  RP_GridRow_Widths:
  - {fileID: -3790882614939843740}
  - {fileID: -3806690532405717105}
  - {fileID: -1690939408625714784}
  widthsFoldoutTitle: Widths
  showWidths: 1
  heightsFoldoutTitle: Heights
  showHeights: 1
--- !u!114 &324368389477272670
MonoBehaviour:
  m_ObjectHideFlags: 0
  m_CorrespondingSourceObject: {fileID: 0}
  m_PrefabInstance: {fileID: 0}
  m_PrefabAsset: {fileID: 0}
  m_GameObject: {fileID: 0}
  m_Enabled: 1
  m_EditorHideFlags: 0
  m_Script: {fileID: 11500000, guid: 34d79d25b309c764185f02c4a3efe230, type: 3}
  m_Name: RP_IntManual
  m_EditorClassIdentifier: 
  mainAsset: {fileID: -3538627109823178531}
  foldoutTitle: 
  showRule: 0
  manualSizeValue: 3
--- !u!114 &615718252952815011
MonoBehaviour:
  m_ObjectHideFlags: 0
  m_CorrespondingSourceObject: {fileID: 0}
  m_PrefabInstance: {fileID: 0}
  m_PrefabAsset: {fileID: 0}
  m_GameObject: {fileID: 0}
  m_Enabled: 1
  m_EditorHideFlags: 0
  m_Script: {fileID: 11500000, guid: 34d79d25b309c764185f02c4a3efe230, type: 3}
  m_Name: RP_IntManual
  m_EditorClassIdentifier: 
  mainAsset: {fileID: -3538627109823178531}
  foldoutTitle: 
  showRule: 0
  manualSizeValue: 3
--- !u!114 &768821740755557644
MonoBehaviour:
  m_ObjectHideFlags: 0
  m_CorrespondingSourceObject: {fileID: 0}
  m_PrefabInstance: {fileID: 0}
  m_PrefabAsset: {fileID: 0}
  m_GameObject: {fileID: 0}
  m_Enabled: 1
  m_EditorHideFlags: 0
  m_Script: {fileID: 11500000, guid: 838b2f4c47b45274483065ec275c52ad, type: 3}
  m_Name: RP_RulesList
  m_EditorClassIdentifier: 
  mainAsset: {fileID: 11400000}
  foldoutTitle: Rules (1)
  showRule: 1
  rules:
  - {fileID: -3538627109823178531}
  foldouts: 01
--- !u!114 &2272484885172585357
MonoBehaviour:
  m_ObjectHideFlags: 0
  m_CorrespondingSourceObject: {fileID: 0}
  m_PrefabInstance: {fileID: 0}
  m_PrefabAsset: {fileID: 0}
  m_GameObject: {fileID: 0}
  m_Enabled: 1
  m_EditorHideFlags: 0
  m_Script: {fileID: 11500000, guid: 34d79d25b309c764185f02c4a3efe230, type: 3}
  m_Name: RP_IntManual
  m_EditorClassIdentifier: 
  mainAsset: {fileID: -3538627109823178531}
  foldoutTitle: 
  showRule: 0
  manualSizeValue: 3
--- !u!114 &3323137169307102253
MonoBehaviour:
  m_ObjectHideFlags: 0
  m_CorrespondingSourceObject: {fileID: 0}
  m_PrefabInstance: {fileID: 0}
  m_PrefabAsset: {fileID: 0}
  m_GameObject: {fileID: 0}
  m_Enabled: 1
  m_EditorHideFlags: 0
  m_Script: {fileID: 11500000, guid: 34d79d25b309c764185f02c4a3efe230, type: 3}
  m_Name: RP_IntManual
  m_EditorClassIdentifier: 
  mainAsset: {fileID: -3538627109823178531}
  foldoutTitle: 
  showRule: 0
  manualSizeValue: 6
--- !u!114 &4199677751955810097
MonoBehaviour:
  m_ObjectHideFlags: 0
  m_CorrespondingSourceObject: {fileID: 0}
  m_PrefabInstance: {fileID: 0}
  m_PrefabAsset: {fileID: 0}
  m_GameObject: {fileID: 0}
  m_Enabled: 1
  m_EditorHideFlags: 0
  m_Script: {fileID: 11500000, guid: 971dd80cf3da9a747bd88f74650179cd, type: 3}
  m_Name: RP_DropDownInt
  m_EditorClassIdentifier: 
  mainAsset: {fileID: -3538627109823178531}
  foldoutTitle: 
  showRule: 0
  selectedParameter: {fileID: 3323137169307102253}
  selectedParameterIndex: 0
  availableParameterLabels:
  - Manual
  - Based on Parent Size
  - Random Value
--- !u!114 &4608563483167811663
MonoBehaviour:
  m_ObjectHideFlags: 0
  m_CorrespondingSourceObject: {fileID: 0}
  m_PrefabInstance: {fileID: 0}
  m_PrefabAsset: {fileID: 0}
  m_GameObject: {fileID: 0}
  m_Enabled: 1
  m_EditorHideFlags: 0
  m_Script: {fileID: 11500000, guid: 34d79d25b309c764185f02c4a3efe230, type: 3}
  m_Name: RP_IntManual
  m_EditorClassIdentifier: 
  mainAsset: {fileID: -3538627109823178531}
  foldoutTitle: 
  showRule: 0
  manualSizeValue: 3
--- !u!114 &6539004974423809822
MonoBehaviour:
  m_ObjectHideFlags: 0
  m_CorrespondingSourceObject: {fileID: 0}
  m_PrefabInstance: {fileID: 0}
  m_PrefabAsset: {fileID: 0}
  m_GameObject: {fileID: 0}
  m_Enabled: 1
  m_EditorHideFlags: 0
  m_Script: {fileID: 11500000, guid: 34d79d25b309c764185f02c4a3efe230, type: 3}
  m_Name: RP_IntManual
  m_EditorClassIdentifier: 
  mainAsset: {fileID: -3538627109823178531}
  foldoutTitle: 
  showRule: 0
  manualSizeValue: 9
--- !u!114 &8253847821789156578
MonoBehaviour:
  m_ObjectHideFlags: 0
  m_CorrespondingSourceObject: {fileID: 0}
  m_PrefabInstance: {fileID: 0}
  m_PrefabAsset: {fileID: 0}
  m_GameObject: {fileID: 0}
  m_Enabled: 1
  m_EditorHideFlags: 0
  m_Script: {fileID: 11500000, guid: 971dd80cf3da9a747bd88f74650179cd, type: 3}
  m_Name: RP_DropDownInt
  m_EditorClassIdentifier: 
  mainAsset: {fileID: -3538627109823178531}
  foldoutTitle: 
  showRule: 0
  selectedParameter: {fileID: 324368389477272670}
  selectedParameterIndex: 0
  availableParameterLabels:
  - Manual
  - Based on Parent Size
  - Random Value
