%YAML 1.1
%TAG !u! tag:unity3d.com,2011:
--- !u!114 &-9064303300015678265
MonoBehaviour:
  m_ObjectHideFlags: 0
  m_CorrespondingSourceObject: {fileID: 0}
  m_PrefabInstance: {fileID: 0}
  m_PrefabAsset: {fileID: 0}
  m_GameObject: {fileID: 0}
  m_Enabled: 1
  m_EditorHideFlags: 0
  m_Script: {fileID: 11500000, guid: 971dd80cf3da9a747bd88f74650179cd, type: 3}
  m_Name: RP_DropDownInt
  m_EditorClassIdentifier: 
  mainAsset: {fileID: 8568240655724905541}
  foldoutTitle: 
  showRule: 0
  selectedParameter: {fileID: -7229747528391991151}
  selectedParameterIndex: 0
  availableParameterLabels:
  - Manual
  - Based on Parent Size
  - Random Value
--- !u!114 &-8780026632573634124
MonoBehaviour:
  m_ObjectHideFlags: 0
  m_CorrespondingSourceObject: {fileID: 0}
  m_PrefabInstance: {fileID: 0}
  m_PrefabAsset: {fileID: 0}
  m_GameObject: {fileID: 0}
  m_Enabled: 1
  m_EditorHideFlags: 0
  m_Script: {fileID: 11500000, guid: 117392dc613755141891cf1cfbb366e2, type: 3}
  m_Name: RP_ParentSizeWidth
  m_EditorClassIdentifier: 
  mainAsset: {fileID: 2724943629004744863}
  foldoutTitle: 
  showRule: 0
--- !u!114 &-8206186175325486631
MonoBehaviour:
  m_ObjectHideFlags: 0
  m_CorrespondingSourceObject: {fileID: 0}
  m_PrefabInstance: {fileID: 0}
  m_PrefabAsset: {fileID: 0}
  m_GameObject: {fileID: 0}
  m_Enabled: 1
  m_EditorHideFlags: 0
  m_Script: {fileID: 11500000, guid: 838b2f4c47b45274483065ec275c52ad, type: 3}
  m_Name: RP_RulesList
  m_EditorClassIdentifier: 
  mainAsset: {fileID: 5548863132572349105}
  foldoutTitle: Rules (2)
  showRule: 1
  rules:
  - {fileID: 2724943629004744863}
  - {fileID: 8568240655724905541}
  foldouts: 0101
--- !u!114 &-7229747528391991151
MonoBehaviour:
  m_ObjectHideFlags: 0
  m_CorrespondingSourceObject: {fileID: 0}
  m_PrefabInstance: {fileID: 0}
  m_PrefabAsset: {fileID: 0}
  m_GameObject: {fileID: 0}
  m_Enabled: 1
  m_EditorHideFlags: 0
  m_Script: {fileID: 11500000, guid: 34d79d25b309c764185f02c4a3efe230, type: 3}
  m_Name: RP_IntManual
  m_EditorClassIdentifier: 
  mainAsset: {fileID: 8568240655724905541}
  foldoutTitle: 
  showRule: 0
  manualSizeValue: 0
--- !u!114 &-6249364176654489470
MonoBehaviour:
  m_ObjectHideFlags: 0
  m_CorrespondingSourceObject: {fileID: 0}
  m_PrefabInstance: {fileID: 0}
  m_PrefabAsset: {fileID: 0}
  m_GameObject: {fileID: 0}
  m_Enabled: 1
  m_EditorHideFlags: 0
  m_Script: {fileID: 11500000, guid: ef71f21978ce67042aad5e631d67ba53, type: 3}
  m_Name: RP_DropDownIncludedBorders
  m_EditorClassIdentifier: 
  mainAsset: {fileID: 2724943629004744863}
  foldoutTitle: 
  showRule: 0
  selectedParameter: {fileID: -1562306676588350859}
  selectedParameterIndex: 2
  availableParameterLabels:
  - Include Borders
  - Minus One Border
  - Minus Two Border
--- !u!114 &-5147695960780870236
MonoBehaviour:
  m_ObjectHideFlags: 0
  m_CorrespondingSourceObject: {fileID: 0}
  m_PrefabInstance: {fileID: 0}
  m_PrefabAsset: {fileID: 0}
  m_GameObject: {fileID: 0}
  m_Enabled: 1
  m_EditorHideFlags: 0
  m_Script: {fileID: 11500000, guid: 838b2f4c47b45274483065ec275c52ad, type: 3}
  m_Name: RP_RulesList
  m_EditorClassIdentifier: 
  mainAsset: {fileID: 11400000}
  foldoutTitle: Rules (1)
  showRule: 1
  rules:
  - {fileID: 5548863132572349105}
  foldouts: 01
--- !u!114 &-2657719037770012503
MonoBehaviour:
  m_ObjectHideFlags: 0
  m_CorrespondingSourceObject: {fileID: 0}
  m_PrefabInstance: {fileID: 0}
  m_PrefabAsset: {fileID: 0}
  m_GameObject: {fileID: 0}
  m_Enabled: 1
  m_EditorHideFlags: 0
  m_Script: {fileID: 11500000, guid: 971dd80cf3da9a747bd88f74650179cd, type: 3}
  m_Name: RP_DropDownInt
  m_EditorClassIdentifier: 
  mainAsset: {fileID: 2724943629004744863}
  foldoutTitle: 
  showRule: 0
  selectedParameter: {fileID: -1607973783789873953}
  selectedParameterIndex: 1
  availableParameterLabels:
  - Manual
  - Based on Parent Size
  - Random Value
--- !u!114 &-1607973783789873953
MonoBehaviour:
  m_ObjectHideFlags: 0
  m_CorrespondingSourceObject: {fileID: 0}
  m_PrefabInstance: {fileID: 0}
  m_PrefabAsset: {fileID: 0}
  m_GameObject: {fileID: 0}
  m_Enabled: 1
  m_EditorHideFlags: 0
  m_Script: {fileID: 11500000, guid: 416f481261118f545aed27df47b94c56, type: 3}
  m_Name: RP_IntBasedOnParentValues
  m_EditorClassIdentifier: 
  mainAsset: {fileID: 2724943629004744863}
  foldoutTitle: 
  showRule: 0
  parentSizeOptions: {fileID: 2621089330534225008}
  borderOptions: {fileID: -6249364176654489470}
--- !u!114 &-1562306676588350859
MonoBehaviour:
  m_ObjectHideFlags: 0
  m_CorrespondingSourceObject: {fileID: 0}
  m_PrefabInstance: {fileID: 0}
  m_PrefabAsset: {fileID: 0}
  m_GameObject: {fileID: 0}
  m_Enabled: 1
  m_EditorHideFlags: 0
  m_Script: {fileID: 11500000, guid: eef1385713c22fa43bc7fd756e997cff, type: 3}
  m_Name: RP_ModifyIntMinusTwoBorders
  m_EditorClassIdentifier: 
  mainAsset: {fileID: 2724943629004744863}
  foldoutTitle: 
  showRule: 0
--- !u!114 &-1259698409636174513
MonoBehaviour:
  m_ObjectHideFlags: 0
  m_CorrespondingSourceObject: {fileID: 0}
  m_PrefabInstance: {fileID: 0}
  m_PrefabAsset: {fileID: 0}
  m_GameObject: {fileID: 0}
  m_Enabled: 1
  m_EditorHideFlags: 0
  m_Script: {fileID: 11500000, guid: 34d79d25b309c764185f02c4a3efe230, type: 3}
  m_Name: RP_IntManual
  m_EditorClassIdentifier: 
  mainAsset: {fileID: 8568240655724905541}
  foldoutTitle: 
  showRule: 0
  manualSizeValue: 0
--- !u!114 &11400000
MonoBehaviour:
  m_ObjectHideFlags: 0
  m_CorrespondingSourceObject: {fileID: 0}
  m_PrefabInstance: {fileID: 0}
  m_PrefabAsset: {fileID: 0}
  m_GameObject: {fileID: 0}
  m_Enabled: 1
  m_EditorHideFlags: 0
  m_Script: {fileID: 11500000, guid: 150db34a701e961488aa694d769cebe1, type: 3}
  m_Name: RedHouseCenter
  m_EditorClassIdentifier: 
  basicTiledObject:
    positionedTiles: []
    objectRules: []
    size: {x: 5, y: 5}
  rp_rule: {fileID: -5147695960780870236}
--- !u!114 &203670255985238989
MonoBehaviour:
  m_ObjectHideFlags: 0
  m_CorrespondingSourceObject: {fileID: 0}
  m_PrefabInstance: {fileID: 0}
  m_PrefabAsset: {fileID: 0}
  m_GameObject: {fileID: 0}
  m_Enabled: 1
  m_EditorHideFlags: 0
  m_Script: {fileID: 11500000, guid: 7273bc96d058d614c87288e44b7c11a4, type: 3}
  m_Name: RP_Tile
  m_EditorClassIdentifier: 
  mainAsset: {fileID: 5548863132572349105}
  foldoutTitle: Tile (HouseRed1_7)
  showRule: 0
  tile: {fileID: 11400000, guid: 28869f21178050d459eca0802bad8220, type: 2}
--- !u!114 &1051804043080409196
MonoBehaviour:
  m_ObjectHideFlags: 0
  m_CorrespondingSourceObject: {fileID: 0}
  m_PrefabInstance: {fileID: 0}
  m_PrefabAsset: {fileID: 0}
  m_GameObject: {fileID: 0}
  m_Enabled: 1
  m_EditorHideFlags: 0
  m_Script: {fileID: 11500000, guid: 971dd80cf3da9a747bd88f74650179cd, type: 3}
  m_Name: RP_DropDownInt
  m_EditorClassIdentifier: 
  mainAsset: {fileID: 8568240655724905541}
  foldoutTitle: 
  showRule: 0
  selectedParameter: {fileID: -1259698409636174513}
  selectedParameterIndex: 0
  availableParameterLabels:
  - Manual
  - Based on Parent Size
  - Random Value
--- !u!114 &1282436064440390009
MonoBehaviour:
  m_ObjectHideFlags: 0
  m_CorrespondingSourceObject: {fileID: 0}
  m_PrefabInstance: {fileID: 0}
  m_PrefabAsset: {fileID: 0}
  m_GameObject: {fileID: 0}
  m_Enabled: 1
  m_EditorHideFlags: 0
  m_Script: {fileID: 11500000, guid: 416f481261118f545aed27df47b94c56, type: 3}
  m_Name: RP_IntBasedOnParentValues
  m_EditorClassIdentifier: 
  mainAsset: {fileID: 2724943629004744863}
  foldoutTitle: 
  showRule: 0
  parentSizeOptions: {fileID: 5050708977017089400}
  borderOptions: {fileID: 8846543731643184520}
--- !u!114 &2621089330534225008
MonoBehaviour:
  m_ObjectHideFlags: 0
  m_CorrespondingSourceObject: {fileID: 0}
  m_PrefabInstance: {fileID: 0}
  m_PrefabAsset: {fileID: 0}
  m_GameObject: {fileID: 0}
  m_Enabled: 1
  m_EditorHideFlags: 0
  m_Script: {fileID: 11500000, guid: d81318107066a274bb81a6977af242f7, type: 3}
  m_Name: RP_DropDownParentSize
  m_EditorClassIdentifier: 
  mainAsset: {fileID: 2724943629004744863}
  foldoutTitle: 
  showRule: 0
  selectedParameter: {fileID: -8780026632573634124}
  selectedParameterIndex: 0
  availableParameterLabels:
  - Parent Width
  - Parent Height
--- !u!114 &2724943629004744863
MonoBehaviour:
  m_ObjectHideFlags: 0
  m_CorrespondingSourceObject: {fileID: 0}
  m_PrefabInstance: {fileID: 0}
  m_PrefabAsset: {fileID: 0}
  m_GameObject: {fileID: 0}
  m_Enabled: 1
  m_EditorHideFlags: 0
  m_Script: {fileID: 11500000, guid: c9416bceeae2d4f43855bd5db331ebbe, type: 3}
  m_Name: TOR_Modify_RepeatTile
  m_EditorClassIdentifier: 
  sizeOptionX: {fileID: -2657719037770012503}
  sizeOptionY: {fileID: 4286701200342774678}
--- !u!114 &4102904296741955484
MonoBehaviour:
  m_ObjectHideFlags: 0
  m_CorrespondingSourceObject: {fileID: 0}
  m_PrefabInstance: {fileID: 0}
  m_PrefabAsset: {fileID: 0}
  m_GameObject: {fileID: 0}
  m_Enabled: 1
  m_EditorHideFlags: 0
  m_Script: {fileID: 11500000, guid: 5e0ed825b9547aa4fac550888e20098b, type: 3}
  m_Name: RP_ParentSizeHeight
  m_EditorClassIdentifier: 
  mainAsset: {fileID: 2724943629004744863}
  foldoutTitle: 
  showRule: 0
--- !u!114 &4286701200342774678
MonoBehaviour:
  m_ObjectHideFlags: 0
  m_CorrespondingSourceObject: {fileID: 0}
  m_PrefabInstance: {fileID: 0}
  m_PrefabAsset: {fileID: 0}
  m_GameObject: {fileID: 0}
  m_Enabled: 1
  m_EditorHideFlags: 0
  m_Script: {fileID: 11500000, guid: 971dd80cf3da9a747bd88f74650179cd, type: 3}
  m_Name: RP_DropDownInt
  m_EditorClassIdentifier: 
  mainAsset: {fileID: 2724943629004744863}
  foldoutTitle: 
  showRule: 0
  selectedParameter: {fileID: 1282436064440390009}
  selectedParameterIndex: 1
  availableParameterLabels:
  - Manual
  - Based on Parent Size
  - Random Value
--- !u!114 &5050708977017089400
MonoBehaviour:
  m_ObjectHideFlags: 0
  m_CorrespondingSourceObject: {fileID: 0}
  m_PrefabInstance: {fileID: 0}
  m_PrefabAsset: {fileID: 0}
  m_GameObject: {fileID: 0}
  m_Enabled: 1
  m_EditorHideFlags: 0
  m_Script: {fileID: 11500000, guid: d81318107066a274bb81a6977af242f7, type: 3}
  m_Name: RP_DropDownParentSize
  m_EditorClassIdentifier: 
  mainAsset: {fileID: 2724943629004744863}
  foldoutTitle: 
  showRule: 0
  selectedParameter: {fileID: 4102904296741955484}
  selectedParameterIndex: 1
  availableParameterLabels:
  - Parent Width
  - Parent Height
--- !u!114 &5548863132572349105
MonoBehaviour:
  m_ObjectHideFlags: 0
  m_CorrespondingSourceObject: {fileID: 0}
  m_PrefabInstance: {fileID: 0}
  m_PrefabAsset: {fileID: 0}
  m_GameObject: {fileID: 0}
  m_Enabled: 1
  m_EditorHideFlags: 0
  m_Script: {fileID: 11500000, guid: 876d9480b79b689419d981104632fec2, type: 3}
  m_Name: TOR_Add_Tile
  m_EditorClassIdentifier: 
  rp_rule: {fileID: -8206186175325486631}
  rp_tile: {fileID: 203670255985238989}
--- !u!114 &8079216056615801676
MonoBehaviour:
  m_ObjectHideFlags: 0
  m_CorrespondingSourceObject: {fileID: 0}
  m_PrefabInstance: {fileID: 0}
  m_PrefabAsset: {fileID: 0}
  m_GameObject: {fileID: 0}
  m_Enabled: 1
  m_EditorHideFlags: 0
  m_Script: {fileID: 11500000, guid: eef1385713c22fa43bc7fd756e997cff, type: 3}
  m_Name: RP_ModifyIntMinusTwoBorders
  m_EditorClassIdentifier: 
  mainAsset: {fileID: 2724943629004744863}
  foldoutTitle: 
  showRule: 0
--- !u!114 &8568240655724905541
MonoBehaviour:
  m_ObjectHideFlags: 0
  m_CorrespondingSourceObject: {fileID: 0}
  m_PrefabInstance: {fileID: 0}
  m_PrefabAsset: {fileID: 0}
  m_GameObject: {fileID: 0}
  m_Enabled: 1
  m_EditorHideFlags: 0
  m_Script: {fileID: 11500000, guid: dfffb087b26b8fd4a9c6bf6328281204, type: 3}
  m_Name: TOR_Modify_PositionRelative
  m_EditorClassIdentifier: 
  positionX: {fileID: 1051804043080409196}
  positionY: {fileID: -9064303300015678265}
  position: 4
--- !u!114 &8846543731643184520
MonoBehaviour:
  m_ObjectHideFlags: 0
  m_CorrespondingSourceObject: {fileID: 0}
  m_PrefabInstance: {fileID: 0}
  m_PrefabAsset: {fileID: 0}
  m_GameObject: {fileID: 0}
  m_Enabled: 1
  m_EditorHideFlags: 0
  m_Script: {fileID: 11500000, guid: ef71f21978ce67042aad5e631d67ba53, type: 3}
  m_Name: RP_DropDownIncludedBorders
  m_EditorClassIdentifier: 
  mainAsset: {fileID: 2724943629004744863}
  foldoutTitle: 
  showRule: 0
  selectedParameter: {fileID: 8079216056615801676}
  selectedParameterIndex: 2
  availableParameterLabels:
  - Include Borders
  - Minus One Border
  - Minus Two Border
