%YAML 1.1
%TAG !u! tag:unity3d.com,2011:
--- !u!114 &-8594419687945881066
MonoBehaviour:
  m_ObjectHideFlags: 0
  m_CorrespondingSourceObject: {fileID: 0}
  m_PrefabInstance: {fileID: 0}
  m_PrefabAsset: {fileID: 0}
  m_GameObject: {fileID: 0}
  m_Enabled: 1
  m_EditorHideFlags: 0
  m_Script: {fileID: 11500000, guid: 971dd80cf3da9a747bd88f74650179cd, type: 3}
  m_Name: RP_DropDownInt
  m_EditorClassIdentifier: 
  mainAsset: {fileID: -229824591498502368}
  foldoutTitle: 
  showRule: 0
  selectedParameter: {fileID: -2159874362971804250}
  selectedParameterIndex: 0
  availableParameterLabels:
  - Manual
  - Based on Parent Size
  - Random Value
--- !u!114 &-8198673935848508336
MonoBehaviour:
  m_ObjectHideFlags: 0
  m_CorrespondingSourceObject: {fileID: 0}
  m_PrefabInstance: {fileID: 0}
  m_PrefabAsset: {fileID: 0}
  m_GameObject: {fileID: 0}
  m_Enabled: 1
  m_EditorHideFlags: 0
  m_Script: {fileID: 11500000, guid: 971dd80cf3da9a747bd88f74650179cd, type: 3}
  m_Name: RP_DropDownInt
  m_EditorClassIdentifier: 
  mainAsset: {fileID: -5398403556311183514}
  foldoutTitle: 
  showRule: 0
  selectedParameter: {fileID: 7484838862602103022}
  selectedParameterIndex: 2
  availableParameterLabels:
  - Manual
  - Based on Parent Size
  - Random Value
--- !u!114 &-7203787317743513105
MonoBehaviour:
  m_ObjectHideFlags: 0
  m_CorrespondingSourceObject: {fileID: 0}
  m_PrefabInstance: {fileID: 0}
  m_PrefabAsset: {fileID: 0}
  m_GameObject: {fileID: 0}
  m_Enabled: 1
  m_EditorHideFlags: 0
  m_Script: {fileID: 11500000, guid: 34d79d25b309c764185f02c4a3efe230, type: 3}
  m_Name: RP_IntManual
  m_EditorClassIdentifier: 
  mainAsset: {fileID: -5398403556311183514}
  foldoutTitle: 
  showRule: 0
  manualSizeValue: 0
--- !u!114 &-7030453285327125361
MonoBehaviour:
  m_ObjectHideFlags: 0
  m_CorrespondingSourceObject: {fileID: 0}
  m_PrefabInstance: {fileID: 0}
  m_PrefabAsset: {fileID: 0}
  m_GameObject: {fileID: 0}
  m_Enabled: 1
  m_EditorHideFlags: 0
  m_Script: {fileID: 11500000, guid: 110bd035ab44bed44966869ac2a0845f, type: 3}
  m_Name: TOR_Add_TiledObject
  m_EditorClassIdentifier: 
  rp_rule: {fileID: -4345410698024666923}
  rp_tiledObject: {fileID: 994331763646584722}
--- !u!114 &-5398403556311183514
MonoBehaviour:
  m_ObjectHideFlags: 0
  m_CorrespondingSourceObject: {fileID: 0}
  m_PrefabInstance: {fileID: 0}
  m_PrefabAsset: {fileID: 0}
  m_GameObject: {fileID: 0}
  m_Enabled: 1
  m_EditorHideFlags: 0
  m_Script: {fileID: 11500000, guid: 6faedbe959a66b642ac015b226b557f5, type: 3}
  m_Name: TOR_Modify_Position
  m_EditorClassIdentifier: 
  positionX: {fileID: -8198673935848508336}
  positionY: {fileID: 1223509934552471095}
--- !u!114 &-4345410698024666923
MonoBehaviour:
  m_ObjectHideFlags: 0
  m_CorrespondingSourceObject: {fileID: 0}
  m_PrefabInstance: {fileID: 0}
  m_PrefabAsset: {fileID: 0}
  m_GameObject: {fileID: 0}
  m_Enabled: 1
  m_EditorHideFlags: 0
  m_Script: {fileID: 11500000, guid: 838b2f4c47b45274483065ec275c52ad, type: 3}
  m_Name: RP_RulesList
  m_EditorClassIdentifier: 
  mainAsset: {fileID: -7030453285327125361}
  foldoutTitle: Rules (1)
  showRule: 1
  rules:
  - {fileID: -5398403556311183514}
  foldouts: 01
--- !u!114 &-3823988639233478633
MonoBehaviour:
  m_ObjectHideFlags: 0
  m_CorrespondingSourceObject: {fileID: 0}
  m_PrefabInstance: {fileID: 0}
  m_PrefabAsset: {fileID: 0}
  m_GameObject: {fileID: 0}
  m_Enabled: 1
  m_EditorHideFlags: 0
  m_Script: {fileID: 11500000, guid: 971dd80cf3da9a747bd88f74650179cd, type: 3}
  m_Name: RP_DropDownInt
  m_EditorClassIdentifier: 
  mainAsset: {fileID: -229824591498502368}
  foldoutTitle: 
  showRule: 0
  selectedParameter: {fileID: 5912708586646313632}
  selectedParameterIndex: 0
  availableParameterLabels:
  - Manual
  - Based on Parent Size
  - Random Value
--- !u!114 &-2925970160640466438
MonoBehaviour:
  m_ObjectHideFlags: 0
  m_CorrespondingSourceObject: {fileID: 0}
  m_PrefabInstance: {fileID: 0}
  m_PrefabAsset: {fileID: 0}
  m_GameObject: {fileID: 0}
  m_Enabled: 1
  m_EditorHideFlags: 0
  m_Script: {fileID: 11500000, guid: 416f481261118f545aed27df47b94c56, type: 3}
  m_Name: RP_IntBasedOnParentValues
  m_EditorClassIdentifier: 
  mainAsset: {fileID: -5398403556311183514}
  foldoutTitle: 
  showRule: 0
  parentSizeOptions: {fileID: 8632893559608038038}
  borderOptions: {fileID: 6850868180376041963}
--- !u!114 &-2411611173430674964
MonoBehaviour:
  m_ObjectHideFlags: 0
  m_CorrespondingSourceObject: {fileID: 0}
  m_PrefabInstance: {fileID: 0}
  m_PrefabAsset: {fileID: 0}
  m_GameObject: {fileID: 0}
  m_Enabled: 1
  m_EditorHideFlags: 0
  m_Script: {fileID: 11500000, guid: 117392dc613755141891cf1cfbb366e2, type: 3}
  m_Name: RP_ParentSizeWidth
  m_EditorClassIdentifier: 
  mainAsset: {fileID: -5398403556311183514}
  foldoutTitle: 
  showRule: 0
--- !u!114 &-2159874362971804250
MonoBehaviour:
  m_ObjectHideFlags: 0
  m_CorrespondingSourceObject: {fileID: 0}
  m_PrefabInstance: {fileID: 0}
  m_PrefabAsset: {fileID: 0}
  m_GameObject: {fileID: 0}
  m_Enabled: 1
  m_EditorHideFlags: 0
  m_Script: {fileID: 11500000, guid: 34d79d25b309c764185f02c4a3efe230, type: 3}
  m_Name: RP_IntManual
  m_EditorClassIdentifier: 
  mainAsset: {fileID: -229824591498502368}
  foldoutTitle: 
  showRule: 0
  manualSizeValue: 6
--- !u!114 &-2014034239248913141
MonoBehaviour:
  m_ObjectHideFlags: 0
  m_CorrespondingSourceObject: {fileID: 0}
  m_PrefabInstance: {fileID: 0}
  m_PrefabAsset: {fileID: 0}
  m_GameObject: {fileID: 0}
  m_Enabled: 1
  m_EditorHideFlags: 0
  m_Script: {fileID: 11500000, guid: 34d79d25b309c764185f02c4a3efe230, type: 3}
  m_Name: RP_IntManual
  m_EditorClassIdentifier: 
  mainAsset: {fileID: -229824591498502368}
  foldoutTitle: 
  showRule: 0
  manualSizeValue: 6
--- !u!114 &-1498489401794768290
MonoBehaviour:
  m_ObjectHideFlags: 0
  m_CorrespondingSourceObject: {fileID: 0}
  m_PrefabInstance: {fileID: 0}
  m_PrefabAsset: {fileID: 0}
  m_GameObject: {fileID: 0}
  m_Enabled: 1
  m_EditorHideFlags: 0
  m_Script: {fileID: 11500000, guid: 09ec78827b3d50242885ac9fe5b79e72, type: 3}
  m_Name: RP_IntRandom
  m_EditorClassIdentifier: 
  mainAsset: {fileID: -229824591498502368}
  foldoutTitle: 
  showRule: 0
  dropDownIntMin: {fileID: 659621804831024020}
  dropDownIntMax: {fileID: 4851594479917502551}
  minFoldout: 1
  maxFoldout: 1
  minFoldoutTitle: Minimum Value
  maxFoldoutTitle: Maximum Value
--- !u!114 &-1418501697804993610
MonoBehaviour:
  m_ObjectHideFlags: 0
  m_CorrespondingSourceObject: {fileID: 0}
  m_PrefabInstance: {fileID: 0}
  m_PrefabAsset: {fileID: 0}
  m_GameObject: {fileID: 0}
  m_Enabled: 1
  m_EditorHideFlags: 0
  m_Script: {fileID: 11500000, guid: 34d79d25b309c764185f02c4a3efe230, type: 3}
  m_Name: RP_IntManual
  m_EditorClassIdentifier: 
  mainAsset: {fileID: -229824591498502368}
  foldoutTitle: 
  showRule: 0
  manualSizeValue: 3
--- !u!114 &-229824591498502368
MonoBehaviour:
  m_ObjectHideFlags: 0
  m_CorrespondingSourceObject: {fileID: 0}
  m_PrefabInstance: {fileID: 0}
  m_PrefabAsset: {fileID: 0}
  m_GameObject: {fileID: 0}
  m_Enabled: 1
  m_EditorHideFlags: 0
  m_Script: {fileID: 11500000, guid: ee6a4de2b99e1dc4086ba490b76e5f8c, type: 3}
  m_Name: TOR_Modify_Size
  m_EditorClassIdentifier: 
  rp_SizeX: {fileID: 2505125870498201875}
  rp_SizeY: {fileID: 2624058824817560292}
--- !u!114 &11400000
MonoBehaviour:
  m_ObjectHideFlags: 0
  m_CorrespondingSourceObject: {fileID: 0}
  m_PrefabInstance: {fileID: 0}
  m_PrefabAsset: {fileID: 0}
  m_GameObject: {fileID: 0}
  m_Enabled: 1
  m_EditorHideFlags: 0
  m_Script: {fileID: 11500000, guid: 150db34a701e961488aa694d769cebe1, type: 3}
  m_Name: HouseRemade
  m_EditorClassIdentifier: 
  basicTiledObject:
    positionedTiles: []
    objectRules: []
    size: {x: 3, y: 3}
  rp_rule: {fileID: 8448130999238675009}
--- !u!114 &659621804831024020
MonoBehaviour:
  m_ObjectHideFlags: 0
  m_CorrespondingSourceObject: {fileID: 0}
  m_PrefabInstance: {fileID: 0}
  m_PrefabAsset: {fileID: 0}
  m_GameObject: {fileID: 0}
  m_Enabled: 1
  m_EditorHideFlags: 0
  m_Script: {fileID: 11500000, guid: 971dd80cf3da9a747bd88f74650179cd, type: 3}
  m_Name: RP_DropDownInt
  m_EditorClassIdentifier: 
  mainAsset: {fileID: -229824591498502368}
  foldoutTitle: 
  showRule: 0
  selectedParameter: {fileID: -1418501697804993610}
  selectedParameterIndex: 0
  availableParameterLabels:
  - Manual
  - Based on Parent Size
  - Random Value
--- !u!114 &962735493629524793
MonoBehaviour:
  m_ObjectHideFlags: 0
  m_CorrespondingSourceObject: {fileID: 0}
  m_PrefabInstance: {fileID: 0}
  m_PrefabAsset: {fileID: 0}
  m_GameObject: {fileID: 0}
  m_Enabled: 1
  m_EditorHideFlags: 0
  m_Script: {fileID: 11500000, guid: 34d79d25b309c764185f02c4a3efe230, type: 3}
  m_Name: RP_IntManual
  m_EditorClassIdentifier: 
  mainAsset: {fileID: -5398403556311183514}
  foldoutTitle: 
  showRule: 0
  manualSizeValue: 1
--- !u!114 &994331763646584722
MonoBehaviour:
  m_ObjectHideFlags: 0
  m_CorrespondingSourceObject: {fileID: 0}
  m_PrefabInstance: {fileID: 0}
  m_PrefabAsset: {fileID: 0}
  m_GameObject: {fileID: 0}
  m_Enabled: 1
  m_EditorHideFlags: 0
  m_Script: {fileID: 11500000, guid: 69600e681cacfbc4bb5c6c308764530c, type: 3}
  m_Name: RP_TiledObject
  m_EditorClassIdentifier: 
  mainAsset: {fileID: -7030453285327125361}
  foldoutTitle: Tiled Object (RedHouseDoor)
  showRule: 1
  tiledObject: {fileID: 11400000, guid: f1b1ef60ec3bcae4392c5175afe028a4, type: 2}
--- !u!114 &1091440383616241020
MonoBehaviour:
  m_ObjectHideFlags: 0
  m_CorrespondingSourceObject: {fileID: 0}
  m_PrefabInstance: {fileID: 0}
  m_PrefabAsset: {fileID: 0}
  m_GameObject: {fileID: 0}
  m_Enabled: 1
  m_EditorHideFlags: 0
  m_Script: {fileID: 11500000, guid: 69600e681cacfbc4bb5c6c308764530c, type: 3}
  m_Name: RP_TiledObject
  m_EditorClassIdentifier: 
  mainAsset: {fileID: 3953933464077035406}
  foldoutTitle: Tiled Object (HouseGridExemple)
  showRule: 1
  tiledObject: {fileID: 11400000, guid: 5da41cedbb0683647a02f4bb0865ec4c, type: 2}
--- !u!114 &1223509934552471095
MonoBehaviour:
  m_ObjectHideFlags: 0
  m_CorrespondingSourceObject: {fileID: 0}
  m_PrefabInstance: {fileID: 0}
  m_PrefabAsset: {fileID: 0}
  m_GameObject: {fileID: 0}
  m_Enabled: 1
  m_EditorHideFlags: 0
  m_Script: {fileID: 11500000, guid: 971dd80cf3da9a747bd88f74650179cd, type: 3}
  m_Name: RP_DropDownInt
  m_EditorClassIdentifier: 
  mainAsset: {fileID: -5398403556311183514}
  foldoutTitle: 
  showRule: 0
  selectedParameter: {fileID: -7203787317743513105}
  selectedParameterIndex: 0
  availableParameterLabels:
  - Manual
  - Based on Parent Size
  - Random Value
--- !u!114 &1882574889605263665
MonoBehaviour:
  m_ObjectHideFlags: 0
  m_CorrespondingSourceObject: {fileID: 0}
  m_PrefabInstance: {fileID: 0}
  m_PrefabAsset: {fileID: 0}
  m_GameObject: {fileID: 0}
  m_Enabled: 1
  m_EditorHideFlags: 0
  m_Script: {fileID: 11500000, guid: 528abe1e26e25084dada56820f5a9315, type: 3}
  m_Name: RP_ModifyIntMinusOneBorder
  m_EditorClassIdentifier: 
  mainAsset: {fileID: -5398403556311183514}
  foldoutTitle: 
  showRule: 0
--- !u!114 &2505125870498201875
MonoBehaviour:
  m_ObjectHideFlags: 0
  m_CorrespondingSourceObject: {fileID: 0}
  m_PrefabInstance: {fileID: 0}
  m_PrefabAsset: {fileID: 0}
  m_GameObject: {fileID: 0}
  m_Enabled: 1
  m_EditorHideFlags: 0
  m_Script: {fileID: 11500000, guid: 971dd80cf3da9a747bd88f74650179cd, type: 3}
  m_Name: RP_DropDownInt
  m_EditorClassIdentifier: 
  mainAsset: {fileID: -229824591498502368}
  foldoutTitle: 
  showRule: 0
  selectedParameter: {fileID: -1498489401794768290}
  selectedParameterIndex: 2
  availableParameterLabels:
  - Manual
  - Based on Parent Size
  - Random Value
--- !u!114 &2624058824817560292
MonoBehaviour:
  m_ObjectHideFlags: 0
  m_CorrespondingSourceObject: {fileID: 0}
  m_PrefabInstance: {fileID: 0}
  m_PrefabAsset: {fileID: 0}
  m_GameObject: {fileID: 0}
  m_Enabled: 1
  m_EditorHideFlags: 0
  m_Script: {fileID: 11500000, guid: 971dd80cf3da9a747bd88f74650179cd, type: 3}
  m_Name: RP_DropDownInt
  m_EditorClassIdentifier: 
  mainAsset: {fileID: -229824591498502368}
  foldoutTitle: 
  showRule: 0
  selectedParameter: {fileID: 4517617800434299346}
  selectedParameterIndex: 2
  availableParameterLabels:
  - Manual
  - Based on Parent Size
  - Random Value
--- !u!114 &3594656046934709785
MonoBehaviour:
  m_ObjectHideFlags: 0
  m_CorrespondingSourceObject: {fileID: 0}
  m_PrefabInstance: {fileID: 0}
  m_PrefabAsset: {fileID: 0}
  m_GameObject: {fileID: 0}
  m_Enabled: 1
  m_EditorHideFlags: 0
  m_Script: {fileID: 11500000, guid: 971dd80cf3da9a747bd88f74650179cd, type: 3}
  m_Name: RP_DropDownInt
  m_EditorClassIdentifier: 
  mainAsset: {fileID: -5398403556311183514}
  foldoutTitle: 
  showRule: 0
  selectedParameter: {fileID: -2925970160640466438}
  selectedParameterIndex: 1
  availableParameterLabels:
  - Manual
  - Based on Parent Size
  - Random Value
--- !u!114 &3953933464077035406
MonoBehaviour:
  m_ObjectHideFlags: 0
  m_CorrespondingSourceObject: {fileID: 0}
  m_PrefabInstance: {fileID: 0}
  m_PrefabAsset: {fileID: 0}
  m_GameObject: {fileID: 0}
  m_Enabled: 1
  m_EditorHideFlags: 0
  m_Script: {fileID: 11500000, guid: 110bd035ab44bed44966869ac2a0845f, type: 3}
  m_Name: TOR_Add_TiledObject
  m_EditorClassIdentifier: 
  rp_rule: {fileID: 5180546189405552073}
  rp_tiledObject: {fileID: 1091440383616241020}
--- !u!114 &4517617800434299346
MonoBehaviour:
  m_ObjectHideFlags: 0
  m_CorrespondingSourceObject: {fileID: 0}
  m_PrefabInstance: {fileID: 0}
  m_PrefabAsset: {fileID: 0}
  m_GameObject: {fileID: 0}
  m_Enabled: 1
  m_EditorHideFlags: 0
  m_Script: {fileID: 11500000, guid: 09ec78827b3d50242885ac9fe5b79e72, type: 3}
  m_Name: RP_IntRandom
  m_EditorClassIdentifier: 
  mainAsset: {fileID: -229824591498502368}
  foldoutTitle: 
  showRule: 0
  dropDownIntMin: {fileID: -3823988639233478633}
  dropDownIntMax: {fileID: -8594419687945881066}
  minFoldout: 1
  maxFoldout: 1
  minFoldoutTitle: Minimum Value
  maxFoldoutTitle: Maximum Value
--- !u!114 &4851594479917502551
MonoBehaviour:
  m_ObjectHideFlags: 0
  m_CorrespondingSourceObject: {fileID: 0}
  m_PrefabInstance: {fileID: 0}
  m_PrefabAsset: {fileID: 0}
  m_GameObject: {fileID: 0}
  m_Enabled: 1
  m_EditorHideFlags: 0
  m_Script: {fileID: 11500000, guid: 971dd80cf3da9a747bd88f74650179cd, type: 3}
  m_Name: RP_DropDownInt
  m_EditorClassIdentifier: 
  mainAsset: {fileID: -229824591498502368}
  foldoutTitle: 
  showRule: 0
  selectedParameter: {fileID: -2014034239248913141}
  selectedParameterIndex: 0
  availableParameterLabels:
  - Manual
  - Based on Parent Size
  - Random Value
--- !u!114 &5180546189405552073
MonoBehaviour:
  m_ObjectHideFlags: 0
  m_CorrespondingSourceObject: {fileID: 0}
  m_PrefabInstance: {fileID: 0}
  m_PrefabAsset: {fileID: 0}
  m_GameObject: {fileID: 0}
  m_Enabled: 1
  m_EditorHideFlags: 0
  m_Script: {fileID: 11500000, guid: 838b2f4c47b45274483065ec275c52ad, type: 3}
  m_Name: RP_RulesList
  m_EditorClassIdentifier: 
  mainAsset: {fileID: 3953933464077035406}
  foldoutTitle: Rules (0)
  showRule: 1
  rules: []
  foldouts: 
--- !u!114 &5912708586646313632
MonoBehaviour:
  m_ObjectHideFlags: 0
  m_CorrespondingSourceObject: {fileID: 0}
  m_PrefabInstance: {fileID: 0}
  m_PrefabAsset: {fileID: 0}
  m_GameObject: {fileID: 0}
  m_Enabled: 1
  m_EditorHideFlags: 0
  m_Script: {fileID: 11500000, guid: 34d79d25b309c764185f02c4a3efe230, type: 3}
  m_Name: RP_IntManual
  m_EditorClassIdentifier: 
  mainAsset: {fileID: -229824591498502368}
  foldoutTitle: 
  showRule: 0
  manualSizeValue: 3
--- !u!114 &6850868180376041963
MonoBehaviour:
  m_ObjectHideFlags: 0
  m_CorrespondingSourceObject: {fileID: 0}
  m_PrefabInstance: {fileID: 0}
  m_PrefabAsset: {fileID: 0}
  m_GameObject: {fileID: 0}
  m_Enabled: 1
  m_EditorHideFlags: 0
  m_Script: {fileID: 11500000, guid: ef71f21978ce67042aad5e631d67ba53, type: 3}
  m_Name: RP_DropDownIncludedBorders
  m_EditorClassIdentifier: 
  mainAsset: {fileID: -5398403556311183514}
  foldoutTitle: 
  showRule: 0
  selectedParameter: {fileID: 1882574889605263665}
  selectedParameterIndex: 1
  availableParameterLabels:
  - Include Borders
  - Minus One Border
  - Minus Two Border
--- !u!114 &7301410576121053669
MonoBehaviour:
  m_ObjectHideFlags: 0
  m_CorrespondingSourceObject: {fileID: 0}
  m_PrefabInstance: {fileID: 0}
  m_PrefabAsset: {fileID: 0}
  m_GameObject: {fileID: 0}
  m_Enabled: 1
  m_EditorHideFlags: 0
  m_Script: {fileID: 11500000, guid: 971dd80cf3da9a747bd88f74650179cd, type: 3}
  m_Name: RP_DropDownInt
  m_EditorClassIdentifier: 
  mainAsset: {fileID: -5398403556311183514}
  foldoutTitle: 
  showRule: 0
  selectedParameter: {fileID: 962735493629524793}
  selectedParameterIndex: 0
  availableParameterLabels:
  - Manual
  - Based on Parent Size
  - Random Value
--- !u!114 &7484838862602103022
MonoBehaviour:
  m_ObjectHideFlags: 0
  m_CorrespondingSourceObject: {fileID: 0}
  m_PrefabInstance: {fileID: 0}
  m_PrefabAsset: {fileID: 0}
  m_GameObject: {fileID: 0}
  m_Enabled: 1
  m_EditorHideFlags: 0
  m_Script: {fileID: 11500000, guid: 09ec78827b3d50242885ac9fe5b79e72, type: 3}
  m_Name: RP_IntRandom
  m_EditorClassIdentifier: 
  mainAsset: {fileID: -5398403556311183514}
  foldoutTitle: 
  showRule: 0
  dropDownIntMin: {fileID: 7301410576121053669}
  dropDownIntMax: {fileID: 3594656046934709785}
  minFoldout: 1
  maxFoldout: 1
  minFoldoutTitle: Minimum Value
  maxFoldoutTitle: Maximum Value
--- !u!114 &8448130999238675009
MonoBehaviour:
  m_ObjectHideFlags: 0
  m_CorrespondingSourceObject: {fileID: 0}
  m_PrefabInstance: {fileID: 0}
  m_PrefabAsset: {fileID: 0}
  m_GameObject: {fileID: 0}
  m_Enabled: 1
  m_EditorHideFlags: 0
  m_Script: {fileID: 11500000, guid: 838b2f4c47b45274483065ec275c52ad, type: 3}
  m_Name: RP_RulesList
  m_EditorClassIdentifier: 
  mainAsset: {fileID: 11400000}
  foldoutTitle: Rules (3)
  showRule: 1
  rules:
  - {fileID: -229824591498502368}
  - {fileID: 3953933464077035406}
  - {fileID: -7030453285327125361}
  foldouts: 000001
--- !u!114 &8632893559608038038
MonoBehaviour:
  m_ObjectHideFlags: 0
  m_CorrespondingSourceObject: {fileID: 0}
  m_PrefabInstance: {fileID: 0}
  m_PrefabAsset: {fileID: 0}
  m_GameObject: {fileID: 0}
  m_Enabled: 1
  m_EditorHideFlags: 0
  m_Script: {fileID: 11500000, guid: d81318107066a274bb81a6977af242f7, type: 3}
  m_Name: RP_DropDownParentSize
  m_EditorClassIdentifier: 
  mainAsset: {fileID: -5398403556311183514}
  foldoutTitle: 
  showRule: 0
  selectedParameter: {fileID: -2411611173430674964}
  selectedParameterIndex: 0
  availableParameterLabels:
  - Parent Width
  - Parent Height
