%YAML 1.1
%TAG !u! tag:unity3d.com,2011:
--- !u!114 &-9214686450356413928
MonoBehaviour:
  m_ObjectHideFlags: 0
  m_CorrespondingSourceObject: {fileID: 0}
  m_PrefabInstance: {fileID: 0}
  m_PrefabAsset: {fileID: 0}
  m_GameObject: {fileID: 0}
  m_Enabled: 1
  m_EditorHideFlags: 0
  m_Script: {fileID: 11500000, guid: 971dd80cf3da9a747bd88f74650179cd, type: 3}
  m_Name: RP_DropDownInt
  m_EditorClassIdentifier: 
  mainAsset: {fileID: 790923018753093085}
  foldoutTitle: 
  showRule: 0
  selectedParameter: {fileID: 1211188971553941044}
  selectedParameterIndex: 0
  availableParameterLabels:
  - Manual
  - Based on Parent Size
  - Random Value
--- !u!114 &-8457974723822797119
MonoBehaviour:
  m_ObjectHideFlags: 0
  m_CorrespondingSourceObject: {fileID: 0}
  m_PrefabInstance: {fileID: 0}
  m_PrefabAsset: {fileID: 0}
  m_GameObject: {fileID: 0}
  m_Enabled: 1
  m_EditorHideFlags: 0
  m_Script: {fileID: 11500000, guid: 69600e681cacfbc4bb5c6c308764530c, type: 3}
  m_Name: RP_TiledObject
  m_EditorClassIdentifier: 
  mainAsset: {fileID: 4467441680721764695}
  foldoutTitle: Tiled Object (RedHouseDoor)
  showRule: 1
  tiledObject: {fileID: 11400000, guid: f1b1ef60ec3bcae4392c5175afe028a4, type: 2}
--- !u!114 &-6879828020479233737
MonoBehaviour:
  m_ObjectHideFlags: 0
  m_CorrespondingSourceObject: {fileID: 0}
  m_PrefabInstance: {fileID: 0}
  m_PrefabAsset: {fileID: 0}
  m_GameObject: {fileID: 0}
  m_Enabled: 1
  m_EditorHideFlags: 0
  m_Script: {fileID: 11500000, guid: 971dd80cf3da9a747bd88f74650179cd, type: 3}
  m_Name: RP_DropDownInt
  m_EditorClassIdentifier: 
  mainAsset: {fileID: -6222655029115805866}
  foldoutTitle: 
  showRule: 0
  selectedParameter: {fileID: 4136494826205673633}
  selectedParameterIndex: 1
  availableParameterLabels:
  - Manual
  - Based on Parent Size
  - Random Value
--- !u!114 &-6368356976981234977
MonoBehaviour:
  m_ObjectHideFlags: 0
  m_CorrespondingSourceObject: {fileID: 0}
  m_PrefabInstance: {fileID: 0}
  m_PrefabAsset: {fileID: 0}
  m_GameObject: {fileID: 0}
  m_Enabled: 1
  m_EditorHideFlags: 0
  m_Script: {fileID: 11500000, guid: 69600e681cacfbc4bb5c6c308764530c, type: 3}
  m_Name: RP_TiledObject
  m_EditorClassIdentifier: 
  mainAsset: {fileID: 7900291558839437243}
  foldoutTitle: Tiled Object (RedHouseBase)
  showRule: 1
  tiledObject: {fileID: 11400000, guid: 77499d200a4f60e4eb5fa6a127885fd0, type: 2}
--- !u!114 &-6222655029115805866
MonoBehaviour:
  m_ObjectHideFlags: 0
  m_CorrespondingSourceObject: {fileID: 0}
  m_PrefabInstance: {fileID: 0}
  m_PrefabAsset: {fileID: 0}
  m_GameObject: {fileID: 0}
  m_Enabled: 1
  m_EditorHideFlags: 0
  m_Script: {fileID: 11500000, guid: ee6a4de2b99e1dc4086ba490b76e5f8c, type: 3}
  m_Name: TOR_Modify_Size
  m_EditorClassIdentifier: 
  rp_SizeX: {fileID: -6879828020479233737}
  rp_SizeY: {fileID: 9208745833855757832}
--- !u!114 &-5549693789302562558
MonoBehaviour:
  m_ObjectHideFlags: 0
  m_CorrespondingSourceObject: {fileID: 0}
  m_PrefabInstance: {fileID: 0}
  m_PrefabAsset: {fileID: 0}
  m_GameObject: {fileID: 0}
  m_Enabled: 1
  m_EditorHideFlags: 0
  m_Script: {fileID: 11500000, guid: d81318107066a274bb81a6977af242f7, type: 3}
  m_Name: RP_DropDownParentSize
  m_EditorClassIdentifier: 
  mainAsset: {fileID: -6222655029115805866}
  foldoutTitle: 
  showRule: 0
  selectedParameter: {fileID: -1330439910916728926}
  selectedParameterIndex: 0
  availableParameterLabels:
  - Parent Width
  - Parent Height
--- !u!114 &-4678989699682684241
MonoBehaviour:
  m_ObjectHideFlags: 0
  m_CorrespondingSourceObject: {fileID: 0}
  m_PrefabInstance: {fileID: 0}
  m_PrefabAsset: {fileID: 0}
  m_GameObject: {fileID: 0}
  m_Enabled: 1
  m_EditorHideFlags: 0
  m_Script: {fileID: 11500000, guid: 117392dc613755141891cf1cfbb366e2, type: 3}
  m_Name: RP_ParentSizeWidth
  m_EditorClassIdentifier: 
  mainAsset: {fileID: 790923018753093085}
  foldoutTitle: 
  showRule: 0
--- !u!114 &-3023168335076654133
MonoBehaviour:
  m_ObjectHideFlags: 0
  m_CorrespondingSourceObject: {fileID: 0}
  m_PrefabInstance: {fileID: 0}
  m_PrefabAsset: {fileID: 0}
  m_GameObject: {fileID: 0}
  m_Enabled: 1
  m_EditorHideFlags: 0
  m_Script: {fileID: 11500000, guid: 838b2f4c47b45274483065ec275c52ad, type: 3}
  m_Name: RP_RulesList
  m_EditorClassIdentifier: 
  mainAsset: {fileID: 4467441680721764695}
  foldoutTitle: Rules (1)
  showRule: 1
  rules:
  - {fileID: 790923018753093085}
  foldouts: 01
--- !u!114 &-2700628296167979471
MonoBehaviour:
  m_ObjectHideFlags: 0
  m_CorrespondingSourceObject: {fileID: 0}
  m_PrefabInstance: {fileID: 0}
  m_PrefabAsset: {fileID: 0}
  m_GameObject: {fileID: 0}
  m_Enabled: 1
  m_EditorHideFlags: 0
  m_Script: {fileID: 11500000, guid: ef71f21978ce67042aad5e631d67ba53, type: 3}
  m_Name: RP_DropDownIncludedBorders
  m_EditorClassIdentifier: 
  mainAsset: {fileID: -6222655029115805866}
  foldoutTitle: 
  showRule: 0
  selectedParameter: {fileID: 3722461737556352149}
  selectedParameterIndex: 0
  availableParameterLabels:
  - Include Borders
  - Minus One Border
  - Minus Two Border
--- !u!114 &-2390758612408963328
MonoBehaviour:
  m_ObjectHideFlags: 0
  m_CorrespondingSourceObject: {fileID: 0}
  m_PrefabInstance: {fileID: 0}
  m_PrefabAsset: {fileID: 0}
  m_GameObject: {fileID: 0}
  m_Enabled: 1
  m_EditorHideFlags: 0
  m_Script: {fileID: 11500000, guid: 09ec78827b3d50242885ac9fe5b79e72, type: 3}
  m_Name: RP_IntRandom
  m_EditorClassIdentifier: 
  mainAsset: {fileID: 790923018753093085}
  foldoutTitle: 
  showRule: 0
  dropDownIntMin: {fileID: 6925940160605140189}
  dropDownIntMax: {fileID: 3080957454646407146}
  minFoldout: 1
  maxFoldout: 1
  minFoldoutTitle: Minimum Value
  maxFoldoutTitle: Maximum Value
--- !u!114 &-1330439910916728926
MonoBehaviour:
  m_ObjectHideFlags: 0
  m_CorrespondingSourceObject: {fileID: 0}
  m_PrefabInstance: {fileID: 0}
  m_PrefabAsset: {fileID: 0}
  m_GameObject: {fileID: 0}
  m_Enabled: 1
  m_EditorHideFlags: 0
  m_Script: {fileID: 11500000, guid: 117392dc613755141891cf1cfbb366e2, type: 3}
  m_Name: RP_ParentSizeWidth
  m_EditorClassIdentifier: 
  mainAsset: {fileID: -6222655029115805866}
  foldoutTitle: 
  showRule: 0
--- !u!114 &-169288294507846784
MonoBehaviour:
  m_ObjectHideFlags: 0
  m_CorrespondingSourceObject: {fileID: 0}
  m_PrefabInstance: {fileID: 0}
  m_PrefabAsset: {fileID: 0}
  m_GameObject: {fileID: 0}
  m_Enabled: 1
  m_EditorHideFlags: 0
  m_Script: {fileID: 11500000, guid: e6536acb3b709a24fb54eaa8cb795b54, type: 3}
  m_Name: RP_ModifyIntIncludeBorders
  m_EditorClassIdentifier: 
  mainAsset: {fileID: -6222655029115805866}
  foldoutTitle: 
  showRule: 0
--- !u!114 &11400000
MonoBehaviour:
  m_ObjectHideFlags: 0
  m_CorrespondingSourceObject: {fileID: 0}
  m_PrefabInstance: {fileID: 0}
  m_PrefabAsset: {fileID: 0}
  m_GameObject: {fileID: 0}
  m_Enabled: 1
  m_EditorHideFlags: 0
  m_Script: {fileID: 11500000, guid: 150db34a701e961488aa694d769cebe1, type: 3}
  m_Name: RedHouseDecorated
  m_EditorClassIdentifier: 
  basicTiledObject:
    positionedTiles: []
    objectRules: []
    size: {x: 5, y: 5}
  rp_rule: {fileID: 2500007704110434652}
--- !u!114 &790923018753093085
MonoBehaviour:
  m_ObjectHideFlags: 0
  m_CorrespondingSourceObject: {fileID: 0}
  m_PrefabInstance: {fileID: 0}
  m_PrefabAsset: {fileID: 0}
  m_GameObject: {fileID: 0}
  m_Enabled: 1
  m_EditorHideFlags: 0
  m_Script: {fileID: 11500000, guid: 6faedbe959a66b642ac015b226b557f5, type: 3}
  m_Name: TOR_Modify_Position
  m_EditorClassIdentifier: 
  positionX: {fileID: 2824402046850995470}
  positionY: {fileID: -9214686450356413928}
--- !u!114 &978715290294422152
MonoBehaviour:
  m_ObjectHideFlags: 0
  m_CorrespondingSourceObject: {fileID: 0}
  m_PrefabInstance: {fileID: 0}
  m_PrefabAsset: {fileID: 0}
  m_GameObject: {fileID: 0}
  m_Enabled: 1
  m_EditorHideFlags: 0
  m_Script: {fileID: 11500000, guid: d81318107066a274bb81a6977af242f7, type: 3}
  m_Name: RP_DropDownParentSize
  m_EditorClassIdentifier: 
  mainAsset: {fileID: -6222655029115805866}
  foldoutTitle: 
  showRule: 0
  selectedParameter: {fileID: 7508893520032252093}
  selectedParameterIndex: 1
  availableParameterLabels:
  - Parent Width
  - Parent Height
--- !u!114 &1211188971553941044
MonoBehaviour:
  m_ObjectHideFlags: 0
  m_CorrespondingSourceObject: {fileID: 0}
  m_PrefabInstance: {fileID: 0}
  m_PrefabAsset: {fileID: 0}
  m_GameObject: {fileID: 0}
  m_Enabled: 1
  m_EditorHideFlags: 0
  m_Script: {fileID: 11500000, guid: 34d79d25b309c764185f02c4a3efe230, type: 3}
  m_Name: RP_IntManual
  m_EditorClassIdentifier: 
  mainAsset: {fileID: 790923018753093085}
  foldoutTitle: 
  showRule: 0
  manualSizeValue: 0
--- !u!114 &2386147748413806704
MonoBehaviour:
  m_ObjectHideFlags: 0
  m_CorrespondingSourceObject: {fileID: 0}
  m_PrefabInstance: {fileID: 0}
  m_PrefabAsset: {fileID: 0}
  m_GameObject: {fileID: 0}
  m_Enabled: 1
  m_EditorHideFlags: 0
  m_Script: {fileID: 11500000, guid: d81318107066a274bb81a6977af242f7, type: 3}
  m_Name: RP_DropDownParentSize
  m_EditorClassIdentifier: 
  mainAsset: {fileID: 790923018753093085}
  foldoutTitle: 
  showRule: 0
  selectedParameter: {fileID: -4678989699682684241}
  selectedParameterIndex: 0
  availableParameterLabels:
  - Parent Width
  - Parent Height
--- !u!114 &2500007704110434652
MonoBehaviour:
  m_ObjectHideFlags: 0
  m_CorrespondingSourceObject: {fileID: 0}
  m_PrefabInstance: {fileID: 0}
  m_PrefabAsset: {fileID: 0}
  m_GameObject: {fileID: 0}
  m_Enabled: 1
  m_EditorHideFlags: 0
  m_Script: {fileID: 11500000, guid: 838b2f4c47b45274483065ec275c52ad, type: 3}
  m_Name: RP_RulesList
  m_EditorClassIdentifier: 
  mainAsset: {fileID: 11400000}
  foldoutTitle: Rules (3)
  showRule: 1
  rules:
  - {fileID: -6222655029115805866}
  - {fileID: 7900291558839437243}
  - {fileID: 4467441680721764695}
  foldouts: 010101
--- !u!114 &2824402046850995470
MonoBehaviour:
  m_ObjectHideFlags: 0
  m_CorrespondingSourceObject: {fileID: 0}
  m_PrefabInstance: {fileID: 0}
  m_PrefabAsset: {fileID: 0}
  m_GameObject: {fileID: 0}
  m_Enabled: 1
  m_EditorHideFlags: 0
  m_Script: {fileID: 11500000, guid: 971dd80cf3da9a747bd88f74650179cd, type: 3}
  m_Name: RP_DropDownInt
  m_EditorClassIdentifier: 
  mainAsset: {fileID: 790923018753093085}
  foldoutTitle: 
  showRule: 0
  selectedParameter: {fileID: -2390758612408963328}
  selectedParameterIndex: 2
  availableParameterLabels:
  - Manual
  - Based on Parent Size
  - Random Value
--- !u!114 &3080957454646407146
MonoBehaviour:
  m_ObjectHideFlags: 0
  m_CorrespondingSourceObject: {fileID: 0}
  m_PrefabInstance: {fileID: 0}
  m_PrefabAsset: {fileID: 0}
  m_GameObject: {fileID: 0}
  m_Enabled: 1
  m_EditorHideFlags: 0
  m_Script: {fileID: 11500000, guid: 971dd80cf3da9a747bd88f74650179cd, type: 3}
  m_Name: RP_DropDownInt
  m_EditorClassIdentifier: 
  mainAsset: {fileID: 790923018753093085}
  foldoutTitle: 
  showRule: 0
  selectedParameter: {fileID: 7096521375826567905}
  selectedParameterIndex: 1
  availableParameterLabels:
  - Manual
  - Based on Parent Size
  - Random Value
--- !u!114 &3223254089758322789
MonoBehaviour:
  m_ObjectHideFlags: 0
  m_CorrespondingSourceObject: {fileID: 0}
  m_PrefabInstance: {fileID: 0}
  m_PrefabAsset: {fileID: 0}
  m_GameObject: {fileID: 0}
  m_Enabled: 1
  m_EditorHideFlags: 0
  m_Script: {fileID: 11500000, guid: 34d79d25b309c764185f02c4a3efe230, type: 3}
  m_Name: RP_IntManual
  m_EditorClassIdentifier: 
  mainAsset: {fileID: 790923018753093085}
  foldoutTitle: 
  showRule: 0
  manualSizeValue: 1
--- !u!114 &3722461737556352149
MonoBehaviour:
  m_ObjectHideFlags: 0
  m_CorrespondingSourceObject: {fileID: 0}
  m_PrefabInstance: {fileID: 0}
  m_PrefabAsset: {fileID: 0}
  m_GameObject: {fileID: 0}
  m_Enabled: 1
  m_EditorHideFlags: 0
  m_Script: {fileID: 11500000, guid: e6536acb3b709a24fb54eaa8cb795b54, type: 3}
  m_Name: RP_ModifyIntIncludeBorders
  m_EditorClassIdentifier: 
  mainAsset: {fileID: -6222655029115805866}
  foldoutTitle: 
  showRule: 0
--- !u!114 &4136494826205673633
MonoBehaviour:
  m_ObjectHideFlags: 0
  m_CorrespondingSourceObject: {fileID: 0}
  m_PrefabInstance: {fileID: 0}
  m_PrefabAsset: {fileID: 0}
  m_GameObject: {fileID: 0}
  m_Enabled: 1
  m_EditorHideFlags: 0
  m_Script: {fileID: 11500000, guid: 416f481261118f545aed27df47b94c56, type: 3}
  m_Name: RP_IntBasedOnParentValues
  m_EditorClassIdentifier: 
  mainAsset: {fileID: -6222655029115805866}
  foldoutTitle: 
  showRule: 0
  parentSizeOptions: {fileID: -5549693789302562558}
  borderOptions: {fileID: 6819211684928183188}
--- !u!114 &4467441680721764695
MonoBehaviour:
  m_ObjectHideFlags: 0
  m_CorrespondingSourceObject: {fileID: 0}
  m_PrefabInstance: {fileID: 0}
  m_PrefabAsset: {fileID: 0}
  m_GameObject: {fileID: 0}
  m_Enabled: 1
  m_EditorHideFlags: 0
  m_Script: {fileID: 11500000, guid: 110bd035ab44bed44966869ac2a0845f, type: 3}
  m_Name: TOR_Add_TiledObject
  m_EditorClassIdentifier: 
  rp_rule: {fileID: -3023168335076654133}
  rp_tiledObject: {fileID: -8457974723822797119}
--- !u!114 &5920151234265165174
MonoBehaviour:
  m_ObjectHideFlags: 0
  m_CorrespondingSourceObject: {fileID: 0}
  m_PrefabInstance: {fileID: 0}
  m_PrefabAsset: {fileID: 0}
  m_GameObject: {fileID: 0}
  m_Enabled: 1
  m_EditorHideFlags: 0
  m_Script: {fileID: 11500000, guid: 416f481261118f545aed27df47b94c56, type: 3}
  m_Name: RP_IntBasedOnParentValues
  m_EditorClassIdentifier: 
  mainAsset: {fileID: -6222655029115805866}
  foldoutTitle: 
  showRule: 0
  parentSizeOptions: {fileID: 978715290294422152}
  borderOptions: {fileID: -2700628296167979471}
--- !u!114 &6022458277681441378
MonoBehaviour:
  m_ObjectHideFlags: 0
  m_CorrespondingSourceObject: {fileID: 0}
  m_PrefabInstance: {fileID: 0}
  m_PrefabAsset: {fileID: 0}
  m_GameObject: {fileID: 0}
  m_Enabled: 1
  m_EditorHideFlags: 0
  m_Script: {fileID: 11500000, guid: 528abe1e26e25084dada56820f5a9315, type: 3}
  m_Name: RP_ModifyIntMinusOneBorder
  m_EditorClassIdentifier: 
  mainAsset: {fileID: 790923018753093085}
  foldoutTitle: 
  showRule: 0
--- !u!114 &6819211684928183188
MonoBehaviour:
  m_ObjectHideFlags: 0
  m_CorrespondingSourceObject: {fileID: 0}
  m_PrefabInstance: {fileID: 0}
  m_PrefabAsset: {fileID: 0}
  m_GameObject: {fileID: 0}
  m_Enabled: 1
  m_EditorHideFlags: 0
  m_Script: {fileID: 11500000, guid: ef71f21978ce67042aad5e631d67ba53, type: 3}
  m_Name: RP_DropDownIncludedBorders
  m_EditorClassIdentifier: 
  mainAsset: {fileID: -6222655029115805866}
  foldoutTitle: 
  showRule: 0
  selectedParameter: {fileID: -169288294507846784}
  selectedParameterIndex: 0
  availableParameterLabels:
  - Include Borders
  - Minus One Border
  - Minus Two Border
--- !u!114 &6925940160605140189
MonoBehaviour:
  m_ObjectHideFlags: 0
  m_CorrespondingSourceObject: {fileID: 0}
  m_PrefabInstance: {fileID: 0}
  m_PrefabAsset: {fileID: 0}
  m_GameObject: {fileID: 0}
  m_Enabled: 1
  m_EditorHideFlags: 0
  m_Script: {fileID: 11500000, guid: 971dd80cf3da9a747bd88f74650179cd, type: 3}
  m_Name: RP_DropDownInt
  m_EditorClassIdentifier: 
  mainAsset: {fileID: 790923018753093085}
  foldoutTitle: 
  showRule: 0
  selectedParameter: {fileID: 3223254089758322789}
  selectedParameterIndex: 0
  availableParameterLabels:
  - Manual
  - Based on Parent Size
  - Random Value
--- !u!114 &7096521375826567905
MonoBehaviour:
  m_ObjectHideFlags: 0
  m_CorrespondingSourceObject: {fileID: 0}
  m_PrefabInstance: {fileID: 0}
  m_PrefabAsset: {fileID: 0}
  m_GameObject: {fileID: 0}
  m_Enabled: 1
  m_EditorHideFlags: 0
  m_Script: {fileID: 11500000, guid: 416f481261118f545aed27df47b94c56, type: 3}
  m_Name: RP_IntBasedOnParentValues
  m_EditorClassIdentifier: 
  mainAsset: {fileID: 790923018753093085}
  foldoutTitle: 
  showRule: 0
  parentSizeOptions: {fileID: 2386147748413806704}
  borderOptions: {fileID: 7160443422480000910}
--- !u!114 &7160443422480000910
MonoBehaviour:
  m_ObjectHideFlags: 0
  m_CorrespondingSourceObject: {fileID: 0}
  m_PrefabInstance: {fileID: 0}
  m_PrefabAsset: {fileID: 0}
  m_GameObject: {fileID: 0}
  m_Enabled: 1
  m_EditorHideFlags: 0
  m_Script: {fileID: 11500000, guid: ef71f21978ce67042aad5e631d67ba53, type: 3}
  m_Name: RP_DropDownIncludedBorders
  m_EditorClassIdentifier: 
  mainAsset: {fileID: 790923018753093085}
  foldoutTitle: 
  showRule: 0
  selectedParameter: {fileID: 6022458277681441378}
  selectedParameterIndex: 1
  availableParameterLabels:
  - Include Borders
  - Minus One Border
  - Minus Two Border
--- !u!114 &7508893520032252093
MonoBehaviour:
  m_ObjectHideFlags: 0
  m_CorrespondingSourceObject: {fileID: 0}
  m_PrefabInstance: {fileID: 0}
  m_PrefabAsset: {fileID: 0}
  m_GameObject: {fileID: 0}
  m_Enabled: 1
  m_EditorHideFlags: 0
  m_Script: {fileID: 11500000, guid: 5e0ed825b9547aa4fac550888e20098b, type: 3}
  m_Name: RP_ParentSizeHeight
  m_EditorClassIdentifier: 
  mainAsset: {fileID: -6222655029115805866}
  foldoutTitle: 
  showRule: 0
--- !u!114 &7900291558839437243
MonoBehaviour:
  m_ObjectHideFlags: 0
  m_CorrespondingSourceObject: {fileID: 0}
  m_PrefabInstance: {fileID: 0}
  m_PrefabAsset: {fileID: 0}
  m_GameObject: {fileID: 0}
  m_Enabled: 1
  m_EditorHideFlags: 0
  m_Script: {fileID: 11500000, guid: 110bd035ab44bed44966869ac2a0845f, type: 3}
  m_Name: TOR_Add_TiledObject
  m_EditorClassIdentifier: 
  rp_rule: {fileID: 8622035603312149941}
  rp_tiledObject: {fileID: -6368356976981234977}
--- !u!114 &8622035603312149941
MonoBehaviour:
  m_ObjectHideFlags: 0
  m_CorrespondingSourceObject: {fileID: 0}
  m_PrefabInstance: {fileID: 0}
  m_PrefabAsset: {fileID: 0}
  m_GameObject: {fileID: 0}
  m_Enabled: 1
  m_EditorHideFlags: 0
  m_Script: {fileID: 11500000, guid: 838b2f4c47b45274483065ec275c52ad, type: 3}
  m_Name: RP_RulesList
  m_EditorClassIdentifier: 
  mainAsset: {fileID: 7900291558839437243}
  foldoutTitle: Rules (0)
  showRule: 1
  rules: []
  foldouts: 
--- !u!114 &9208745833855757832
MonoBehaviour:
  m_ObjectHideFlags: 0
  m_CorrespondingSourceObject: {fileID: 0}
  m_PrefabInstance: {fileID: 0}
  m_PrefabAsset: {fileID: 0}
  m_GameObject: {fileID: 0}
  m_Enabled: 1
  m_EditorHideFlags: 0
  m_Script: {fileID: 11500000, guid: 971dd80cf3da9a747bd88f74650179cd, type: 3}
  m_Name: RP_DropDownInt
  m_EditorClassIdentifier: 
  mainAsset: {fileID: -6222655029115805866}
  foldoutTitle: 
  showRule: 0
  selectedParameter: {fileID: 5920151234265165174}
  selectedParameterIndex: 1
  availableParameterLabels:
  - Manual
  - Based on Parent Size
  - Random Value
