%YAML 1.1
%TAG !u! tag:unity3d.com,2011:
--- !u!114 &-8850214968270846882
MonoBehaviour:
  m_ObjectHideFlags: 0
  m_CorrespondingSourceObject: {fileID: 0}
  m_PrefabInstance: {fileID: 0}
  m_PrefabAsset: {fileID: 0}
  m_GameObject: {fileID: 0}
  m_Enabled: 1
  m_EditorHideFlags: 0
  m_Script: {fileID: 11500000, guid: 971dd80cf3da9a747bd88f74650179cd, type: 3}
  m_Name: RP_DropDownInt
  m_EditorClassIdentifier: 
  mainAsset: {fileID: 3890081614783190253}
  foldoutTitle: 
  showRule: 0
  selectedParameter: {fileID: -1346673020548394772}
  selectedParameterIndex: 2
  availableParameterLabels:
  - Manual
  - Based on Parent Size
  - Random Value
--- !u!114 &-8501175935431798369
MonoBehaviour:
  m_ObjectHideFlags: 0
  m_CorrespondingSourceObject: {fileID: 0}
  m_PrefabInstance: {fileID: 0}
  m_PrefabAsset: {fileID: 0}
  m_GameObject: {fileID: 0}
  m_Enabled: 1
  m_EditorHideFlags: 0
  m_Script: {fileID: 11500000, guid: 110bd035ab44bed44966869ac2a0845f, type: 3}
  m_Name: TOR_Add_TiledObject
  m_EditorClassIdentifier: 
  rp_rule: {fileID: -6876720567296829302}
  rp_tiledObject: {fileID: 4047236294628533403}
--- !u!114 &-8420388890121611470
MonoBehaviour:
  m_ObjectHideFlags: 0
  m_CorrespondingSourceObject: {fileID: 0}
  m_PrefabInstance: {fileID: 0}
  m_PrefabAsset: {fileID: 0}
  m_GameObject: {fileID: 0}
  m_Enabled: 1
  m_EditorHideFlags: 0
  m_Script: {fileID: 11500000, guid: ef71f21978ce67042aad5e631d67ba53, type: 3}
  m_Name: RP_DropDownIncludedBorders
  m_EditorClassIdentifier: 
  mainAsset: {fileID: -598482603767717154}
  foldoutTitle: 
  showRule: 0
  selectedParameter: {fileID: -6980339405011642687}
  selectedParameterIndex: 1
  availableParameterLabels:
  - Include Borders
  - Minus One Border
  - Minus Two Border
--- !u!114 &-8406987453228017243
MonoBehaviour:
  m_ObjectHideFlags: 0
  m_CorrespondingSourceObject: {fileID: 0}
  m_PrefabInstance: {fileID: 0}
  m_PrefabAsset: {fileID: 0}
  m_GameObject: {fileID: 0}
  m_Enabled: 1
  m_EditorHideFlags: 0
  m_Script: {fileID: 11500000, guid: 528abe1e26e25084dada56820f5a9315, type: 3}
  m_Name: RP_ModifyIntMinusOneBorder
  m_EditorClassIdentifier: 
  mainAsset: {fileID: 3890081614783190253}
  foldoutTitle: 
  showRule: 0
--- !u!114 &-7905671193516398126
MonoBehaviour:
  m_ObjectHideFlags: 0
  m_CorrespondingSourceObject: {fileID: 0}
  m_PrefabInstance: {fileID: 0}
  m_PrefabAsset: {fileID: 0}
  m_GameObject: {fileID: 0}
  m_Enabled: 1
  m_EditorHideFlags: 0
  m_Script: {fileID: 11500000, guid: ef71f21978ce67042aad5e631d67ba53, type: 3}
  m_Name: RP_DropDownIncludedBorders
  m_EditorClassIdentifier: 
  mainAsset: {fileID: 3890081614783190253}
  foldoutTitle: 
  showRule: 0
  selectedParameter: {fileID: -8406987453228017243}
  selectedParameterIndex: 1
  availableParameterLabels:
  - Include Borders
  - Minus One Border
  - Minus Two Border
--- !u!114 &-7855842734829378432
MonoBehaviour:
  m_ObjectHideFlags: 0
  m_CorrespondingSourceObject: {fileID: 0}
  m_PrefabInstance: {fileID: 0}
  m_PrefabAsset: {fileID: 0}
  m_GameObject: {fileID: 0}
  m_Enabled: 1
  m_EditorHideFlags: 0
  m_Script: {fileID: 11500000, guid: 838b2f4c47b45274483065ec275c52ad, type: 3}
  m_Name: RP_RulesList
  m_EditorClassIdentifier: 
  mainAsset: {fileID: 11400000}
  foldoutTitle: Rules (4)
  showRule: 1
  rules:
  - {fileID: 5952679622616624142}
  - {fileID: 4378305284641842124}
  - {fileID: -5490325509590111117}
  - {fileID: -8501175935431798369}
  foldouts: 01000000
--- !u!114 &-6993215703942048992
MonoBehaviour:
  m_ObjectHideFlags: 0
  m_CorrespondingSourceObject: {fileID: 0}
  m_PrefabInstance: {fileID: 0}
  m_PrefabAsset: {fileID: 0}
  m_GameObject: {fileID: 0}
  m_Enabled: 1
  m_EditorHideFlags: 0
  m_Script: {fileID: 11500000, guid: ef71f21978ce67042aad5e631d67ba53, type: 3}
  m_Name: RP_DropDownIncludedBorders
  m_EditorClassIdentifier: 
  mainAsset: {fileID: 5952679622616624142}
  foldoutTitle: 
  showRule: 0
  selectedParameter: {fileID: -5342616535569794052}
  selectedParameterIndex: 0
  availableParameterLabels:
  - Include Borders
  - Minus One Border
  - Minus Two Border
--- !u!114 &-6980339405011642687
MonoBehaviour:
  m_ObjectHideFlags: 0
  m_CorrespondingSourceObject: {fileID: 0}
  m_PrefabInstance: {fileID: 0}
  m_PrefabAsset: {fileID: 0}
  m_GameObject: {fileID: 0}
  m_Enabled: 1
  m_EditorHideFlags: 0
  m_Script: {fileID: 11500000, guid: 528abe1e26e25084dada56820f5a9315, type: 3}
  m_Name: RP_ModifyIntMinusOneBorder
  m_EditorClassIdentifier: 
  mainAsset: {fileID: -598482603767717154}
  foldoutTitle: 
  showRule: 0
--- !u!114 &-6953332444842295597
MonoBehaviour:
  m_ObjectHideFlags: 0
  m_CorrespondingSourceObject: {fileID: 0}
  m_PrefabInstance: {fileID: 0}
  m_PrefabAsset: {fileID: 0}
  m_GameObject: {fileID: 0}
  m_Enabled: 1
  m_EditorHideFlags: 0
  m_Script: {fileID: 11500000, guid: 416f481261118f545aed27df47b94c56, type: 3}
  m_Name: RP_IntBasedOnParentValues
  m_EditorClassIdentifier: 
  mainAsset: {fileID: 3890081614783190253}
  foldoutTitle: 
  showRule: 0
  parentSizeOptions: {fileID: 8066919447549335674}
  borderOptions: {fileID: -7905671193516398126}
--- !u!114 &-6876720567296829302
MonoBehaviour:
  m_ObjectHideFlags: 0
  m_CorrespondingSourceObject: {fileID: 0}
  m_PrefabInstance: {fileID: 0}
  m_PrefabAsset: {fileID: 0}
  m_GameObject: {fileID: 0}
  m_Enabled: 1
  m_EditorHideFlags: 0
  m_Script: {fileID: 11500000, guid: 838b2f4c47b45274483065ec275c52ad, type: 3}
  m_Name: RP_RulesList
  m_EditorClassIdentifier: 
  mainAsset: {fileID: -8501175935431798369}
  foldoutTitle: Rules (1)
  showRule: 0
  rules:
  - {fileID: 3890081614783190253}
  foldouts: 01
--- !u!114 &-6387236596687723623
MonoBehaviour:
  m_ObjectHideFlags: 0
  m_CorrespondingSourceObject: {fileID: 0}
  m_PrefabInstance: {fileID: 0}
  m_PrefabAsset: {fileID: 0}
  m_GameObject: {fileID: 0}
  m_Enabled: 1
  m_EditorHideFlags: 0
  m_Script: {fileID: 11500000, guid: d81318107066a274bb81a6977af242f7, type: 3}
  m_Name: RP_DropDownParentSize
  m_EditorClassIdentifier: 
  mainAsset: {fileID: -598482603767717154}
  foldoutTitle: 
  showRule: 0
  selectedParameter: {fileID: 8473806220435891739}
  selectedParameterIndex: 0
  availableParameterLabels:
  - Parent Width
  - Parent Height
--- !u!114 &-5742354152202004548
MonoBehaviour:
  m_ObjectHideFlags: 0
  m_CorrespondingSourceObject: {fileID: 0}
  m_PrefabInstance: {fileID: 0}
  m_PrefabAsset: {fileID: 0}
  m_GameObject: {fileID: 0}
  m_Enabled: 1
  m_EditorHideFlags: 0
  m_Script: {fileID: 11500000, guid: 971dd80cf3da9a747bd88f74650179cd, type: 3}
  m_Name: RP_DropDownInt
  m_EditorClassIdentifier: 
  mainAsset: {fileID: 3890081614783190253}
  foldoutTitle: 
  showRule: 0
  selectedParameter: {fileID: -6953332444842295597}
  selectedParameterIndex: 1
  availableParameterLabels:
  - Manual
  - Based on Parent Size
  - Random Value
--- !u!114 &-5563252419511123203
MonoBehaviour:
  m_ObjectHideFlags: 0
  m_CorrespondingSourceObject: {fileID: 0}
  m_PrefabInstance: {fileID: 0}
  m_PrefabAsset: {fileID: 0}
  m_GameObject: {fileID: 0}
  m_Enabled: 1
  m_EditorHideFlags: 0
  m_Script: {fileID: 11500000, guid: d81318107066a274bb81a6977af242f7, type: 3}
  m_Name: RP_DropDownParentSize
  m_EditorClassIdentifier: 
  mainAsset: {fileID: 3890081614783190253}
  foldoutTitle: 
  showRule: 0
  selectedParameter: {fileID: -105785294730505839}
  selectedParameterIndex: 1
  availableParameterLabels:
  - Parent Width
  - Parent Height
--- !u!114 &-5490325509590111117
MonoBehaviour:
  m_ObjectHideFlags: 0
  m_CorrespondingSourceObject: {fileID: 0}
  m_PrefabInstance: {fileID: 0}
  m_PrefabAsset: {fileID: 0}
  m_GameObject: {fileID: 0}
  m_Enabled: 1
  m_EditorHideFlags: 0
  m_Script: {fileID: 11500000, guid: 876d9480b79b689419d981104632fec2, type: 3}
  m_Name: TOR_Add_Tile
  m_EditorClassIdentifier: 
  rp_rule: {fileID: 3549277165771678454}
  rp_tile: {fileID: -190605064215133881}
--- !u!114 &-5385414589751264143
MonoBehaviour:
  m_ObjectHideFlags: 0
  m_CorrespondingSourceObject: {fileID: 0}
  m_PrefabInstance: {fileID: 0}
  m_PrefabAsset: {fileID: 0}
  m_GameObject: {fileID: 0}
  m_Enabled: 1
  m_EditorHideFlags: 0
  m_Script: {fileID: 11500000, guid: 971dd80cf3da9a747bd88f74650179cd, type: 3}
  m_Name: RP_DropDownInt
  m_EditorClassIdentifier: 
  mainAsset: {fileID: 5952679622616624142}
  foldoutTitle: 
  showRule: 0
  selectedParameter: {fileID: 3211187586634277015}
  selectedParameterIndex: 1
  availableParameterLabels:
  - Manual
  - Based on Parent Size
  - Random Value
--- !u!114 &-5342616535569794052
MonoBehaviour:
  m_ObjectHideFlags: 0
  m_CorrespondingSourceObject: {fileID: 0}
  m_PrefabInstance: {fileID: 0}
  m_PrefabAsset: {fileID: 0}
  m_GameObject: {fileID: 0}
  m_Enabled: 1
  m_EditorHideFlags: 0
  m_Script: {fileID: 11500000, guid: e6536acb3b709a24fb54eaa8cb795b54, type: 3}
  m_Name: RP_ModifyIntIncludeBorders
  m_EditorClassIdentifier: 
  mainAsset: {fileID: 5952679622616624142}
  foldoutTitle: 
  showRule: 0
--- !u!114 &-4899406790543586346
MonoBehaviour:
  m_ObjectHideFlags: 0
  m_CorrespondingSourceObject: {fileID: 0}
  m_PrefabInstance: {fileID: 0}
  m_PrefabAsset: {fileID: 0}
  m_GameObject: {fileID: 0}
  m_Enabled: 1
  m_EditorHideFlags: 0
  m_Script: {fileID: 11500000, guid: 971dd80cf3da9a747bd88f74650179cd, type: 3}
  m_Name: RP_DropDownInt
  m_EditorClassIdentifier: 
  mainAsset: {fileID: -598482603767717154}
  foldoutTitle: 
  showRule: 0
  selectedParameter: {fileID: 2939598921462606305}
  selectedParameterIndex: 0
  availableParameterLabels:
  - Manual
  - Based on Parent Size
  - Random Value
--- !u!114 &-4743611478459384983
MonoBehaviour:
  m_ObjectHideFlags: 0
  m_CorrespondingSourceObject: {fileID: 0}
  m_PrefabInstance: {fileID: 0}
  m_PrefabAsset: {fileID: 0}
  m_GameObject: {fileID: 0}
  m_Enabled: 1
  m_EditorHideFlags: 0
  m_Script: {fileID: 11500000, guid: 971dd80cf3da9a747bd88f74650179cd, type: 3}
  m_Name: RP_DropDownInt
  m_EditorClassIdentifier: 
  mainAsset: {fileID: -598482603767717154}
  foldoutTitle: 
  showRule: 0
  selectedParameter: {fileID: 8774497358565308691}
  selectedParameterIndex: 2
  availableParameterLabels:
  - Manual
  - Based on Parent Size
  - Random Value
--- !u!114 &-4656526537527622873
MonoBehaviour:
  m_ObjectHideFlags: 0
  m_CorrespondingSourceObject: {fileID: 0}
  m_PrefabInstance: {fileID: 0}
  m_PrefabAsset: {fileID: 0}
  m_GameObject: {fileID: 0}
  m_Enabled: 1
  m_EditorHideFlags: 0
  m_Script: {fileID: 11500000, guid: 34d79d25b309c764185f02c4a3efe230, type: 3}
  m_Name: RP_IntManual
  m_EditorClassIdentifier: 
  mainAsset: {fileID: 3890081614783190253}
  foldoutTitle: 
  showRule: 0
  manualSizeValue: 1
--- !u!114 &-2287904237440859146
MonoBehaviour:
  m_ObjectHideFlags: 0
  m_CorrespondingSourceObject: {fileID: 0}
  m_PrefabInstance: {fileID: 0}
  m_PrefabAsset: {fileID: 0}
  m_GameObject: {fileID: 0}
  m_Enabled: 1
  m_EditorHideFlags: 0
  m_Script: {fileID: 11500000, guid: 5e0ed825b9547aa4fac550888e20098b, type: 3}
  m_Name: RP_ParentSizeHeight
  m_EditorClassIdentifier: 
  mainAsset: {fileID: -598482603767717154}
  foldoutTitle: 
  showRule: 0
--- !u!114 &-1746849020319736647
MonoBehaviour:
  m_ObjectHideFlags: 0
  m_CorrespondingSourceObject: {fileID: 0}
  m_PrefabInstance: {fileID: 0}
  m_PrefabAsset: {fileID: 0}
  m_GameObject: {fileID: 0}
  m_Enabled: 1
  m_EditorHideFlags: 0
  m_Script: {fileID: 11500000, guid: 416f481261118f545aed27df47b94c56, type: 3}
  m_Name: RP_IntBasedOnParentValues
  m_EditorClassIdentifier: 
  mainAsset: {fileID: -598482603767717154}
  foldoutTitle: 
  showRule: 0
  parentSizeOptions: {fileID: -6387236596687723623}
  borderOptions: {fileID: 2421192656029785907}
--- !u!114 &-1671992749092222912
MonoBehaviour:
  m_ObjectHideFlags: 0
  m_CorrespondingSourceObject: {fileID: 0}
  m_PrefabInstance: {fileID: 0}
  m_PrefabAsset: {fileID: 0}
  m_GameObject: {fileID: 0}
  m_Enabled: 1
  m_EditorHideFlags: 0
  m_Script: {fileID: 11500000, guid: e6536acb3b709a24fb54eaa8cb795b54, type: 3}
  m_Name: RP_ModifyIntIncludeBorders
  m_EditorClassIdentifier: 
  mainAsset: {fileID: 5952679622616624142}
  foldoutTitle: 
  showRule: 0
--- !u!114 &-1346673020548394772
MonoBehaviour:
  m_ObjectHideFlags: 0
  m_CorrespondingSourceObject: {fileID: 0}
  m_PrefabInstance: {fileID: 0}
  m_PrefabAsset: {fileID: 0}
  m_GameObject: {fileID: 0}
  m_Enabled: 1
  m_EditorHideFlags: 0
  m_Script: {fileID: 11500000, guid: 09ec78827b3d50242885ac9fe5b79e72, type: 3}
  m_Name: RP_IntRandom
  m_EditorClassIdentifier: 
  mainAsset: {fileID: 3890081614783190253}
  foldoutTitle: 
  showRule: 0
  dropDownIntMin: {fileID: 5244914990469297667}
  dropDownIntMax: {fileID: -5742354152202004548}
  minFoldout: 1
  maxFoldout: 1
  minFoldoutTitle: Minimum Value
  maxFoldoutTitle: Maximum Value
--- !u!114 &-598482603767717154
MonoBehaviour:
  m_ObjectHideFlags: 0
  m_CorrespondingSourceObject: {fileID: 0}
  m_PrefabInstance: {fileID: 0}
  m_PrefabAsset: {fileID: 0}
  m_GameObject: {fileID: 0}
  m_Enabled: 1
  m_EditorHideFlags: 0
  m_Script: {fileID: 11500000, guid: 6faedbe959a66b642ac015b226b557f5, type: 3}
  m_Name: TOR_Modify_Position
  m_EditorClassIdentifier: 
  positionX: {fileID: 4781791450001539435}
  positionY: {fileID: -4743611478459384983}
--- !u!114 &-423460056183951785
MonoBehaviour:
  m_ObjectHideFlags: 0
  m_CorrespondingSourceObject: {fileID: 0}
  m_PrefabInstance: {fileID: 0}
  m_PrefabAsset: {fileID: 0}
  m_GameObject: {fileID: 0}
  m_Enabled: 1
  m_EditorHideFlags: 0
  m_Script: {fileID: 11500000, guid: d81318107066a274bb81a6977af242f7, type: 3}
  m_Name: RP_DropDownParentSize
  m_EditorClassIdentifier: 
  mainAsset: {fileID: 5952679622616624142}
  foldoutTitle: 
  showRule: 0
  selectedParameter: {fileID: 3913142830223921655}
  selectedParameterIndex: 1
  availableParameterLabels:
  - Parent Width
  - Parent Height
--- !u!114 &-190605064215133881
MonoBehaviour:
  m_ObjectHideFlags: 0
  m_CorrespondingSourceObject: {fileID: 0}
  m_PrefabInstance: {fileID: 0}
  m_PrefabAsset: {fileID: 0}
  m_GameObject: {fileID: 0}
  m_Enabled: 1
  m_EditorHideFlags: 0
  m_Script: {fileID: 11500000, guid: 7273bc96d058d614c87288e44b7c11a4, type: 3}
  m_Name: RP_Tile
  m_EditorClassIdentifier: 
  mainAsset: {fileID: -5490325509590111117}
  foldoutTitle: Tile (Rooftop1_23)
  showRule: 1
  tile: {fileID: 11400000, guid: 6de2eb0d8a3dae74aa6a42bb17db5d29, type: 2}
--- !u!114 &-152428767611437099
MonoBehaviour:
  m_ObjectHideFlags: 0
  m_CorrespondingSourceObject: {fileID: 0}
  m_PrefabInstance: {fileID: 0}
  m_PrefabAsset: {fileID: 0}
  m_GameObject: {fileID: 0}
  m_Enabled: 1
  m_EditorHideFlags: 0
  m_Script: {fileID: 11500000, guid: 971dd80cf3da9a747bd88f74650179cd, type: 3}
  m_Name: RP_DropDownInt
  m_EditorClassIdentifier: 
  mainAsset: {fileID: 5952679622616624142}
  foldoutTitle: 
  showRule: 0
  selectedParameter: {fileID: 1820518263231391752}
  selectedParameterIndex: 1
  availableParameterLabels:
  - Manual
  - Based on Parent Size
  - Random Value
--- !u!114 &-105785294730505839
MonoBehaviour:
  m_ObjectHideFlags: 0
  m_CorrespondingSourceObject: {fileID: 0}
  m_PrefabInstance: {fileID: 0}
  m_PrefabAsset: {fileID: 0}
  m_GameObject: {fileID: 0}
  m_Enabled: 1
  m_EditorHideFlags: 0
  m_Script: {fileID: 11500000, guid: 5e0ed825b9547aa4fac550888e20098b, type: 3}
  m_Name: RP_ParentSizeHeight
  m_EditorClassIdentifier: 
  mainAsset: {fileID: 3890081614783190253}
  foldoutTitle: 
  showRule: 0
--- !u!114 &-103165436261780750
MonoBehaviour:
  m_ObjectHideFlags: 0
  m_CorrespondingSourceObject: {fileID: 0}
  m_PrefabInstance: {fileID: 0}
  m_PrefabAsset: {fileID: 0}
  m_GameObject: {fileID: 0}
  m_Enabled: 1
  m_EditorHideFlags: 0
  m_Script: {fileID: 11500000, guid: 838b2f4c47b45274483065ec275c52ad, type: 3}
  m_Name: RP_RulesList
  m_EditorClassIdentifier: 
  mainAsset: {fileID: 4378305284641842124}
  foldoutTitle: Rules (0)
  showRule: 0
  rules: []
  foldouts: 
--- !u!114 &11400000
MonoBehaviour:
  m_ObjectHideFlags: 0
  m_CorrespondingSourceObject: {fileID: 0}
  m_PrefabInstance: {fileID: 0}
  m_PrefabAsset: {fileID: 0}
  m_GameObject: {fileID: 0}
  m_Enabled: 1
  m_EditorHideFlags: 0
  m_Script: {fileID: 11500000, guid: 150db34a701e961488aa694d769cebe1, type: 3}
  m_Name: RoofTopDecorated
  m_EditorClassIdentifier: 
  basicTiledObject:
    positionedTiles: []
    objectRules: []
    size: {x: 3, y: 3}
  rp_rule: {fileID: -7855842734829378432}
--- !u!114 &60705483042433598
MonoBehaviour:
  m_ObjectHideFlags: 0
  m_CorrespondingSourceObject: {fileID: 0}
  m_PrefabInstance: {fileID: 0}
  m_PrefabAsset: {fileID: 0}
  m_GameObject: {fileID: 0}
  m_Enabled: 1
  m_EditorHideFlags: 0
  m_Script: {fileID: 11500000, guid: 971dd80cf3da9a747bd88f74650179cd, type: 3}
  m_Name: RP_DropDownInt
  m_EditorClassIdentifier: 
  mainAsset: {fileID: -598482603767717154}
  foldoutTitle: 
  showRule: 0
  selectedParameter: {fileID: 7368502698637612451}
  selectedParameterIndex: 0
  availableParameterLabels:
  - Manual
  - Based on Parent Size
  - Random Value
--- !u!114 &283007306994435796
MonoBehaviour:
  m_ObjectHideFlags: 0
  m_CorrespondingSourceObject: {fileID: 0}
  m_PrefabInstance: {fileID: 0}
  m_PrefabAsset: {fileID: 0}
  m_GameObject: {fileID: 0}
  m_Enabled: 1
  m_EditorHideFlags: 0
  m_Script: {fileID: 11500000, guid: 971dd80cf3da9a747bd88f74650179cd, type: 3}
  m_Name: RP_DropDownInt
  m_EditorClassIdentifier: 
  mainAsset: {fileID: -598482603767717154}
  foldoutTitle: 
  showRule: 0
  selectedParameter: {fileID: 7778217517095573462}
  selectedParameterIndex: 1
  availableParameterLabels:
  - Manual
  - Based on Parent Size
  - Random Value
--- !u!114 &880698987999528421
MonoBehaviour:
  m_ObjectHideFlags: 0
  m_CorrespondingSourceObject: {fileID: 0}
  m_PrefabInstance: {fileID: 0}
  m_PrefabAsset: {fileID: 0}
  m_GameObject: {fileID: 0}
  m_Enabled: 1
  m_EditorHideFlags: 0
  m_Script: {fileID: 11500000, guid: ef71f21978ce67042aad5e631d67ba53, type: 3}
  m_Name: RP_DropDownIncludedBorders
  m_EditorClassIdentifier: 
  mainAsset: {fileID: 3890081614783190253}
  foldoutTitle: 
  showRule: 0
  selectedParameter: {fileID: 6778954147251332560}
  selectedParameterIndex: 2
  availableParameterLabels:
  - Include Borders
  - Minus One Border
  - Minus Two Border
--- !u!114 &1143167113939123958
MonoBehaviour:
  m_ObjectHideFlags: 0
  m_CorrespondingSourceObject: {fileID: 0}
  m_PrefabInstance: {fileID: 0}
  m_PrefabAsset: {fileID: 0}
  m_GameObject: {fileID: 0}
  m_Enabled: 1
  m_EditorHideFlags: 0
  m_Script: {fileID: 11500000, guid: d81318107066a274bb81a6977af242f7, type: 3}
  m_Name: RP_DropDownParentSize
  m_EditorClassIdentifier: 
  mainAsset: {fileID: 5952679622616624142}
  foldoutTitle: 
  showRule: 0
  selectedParameter: {fileID: 7324866877105463445}
  selectedParameterIndex: 0
  availableParameterLabels:
  - Parent Width
  - Parent Height
--- !u!114 &1820518263231391752
MonoBehaviour:
  m_ObjectHideFlags: 0
  m_CorrespondingSourceObject: {fileID: 0}
  m_PrefabInstance: {fileID: 0}
  m_PrefabAsset: {fileID: 0}
  m_GameObject: {fileID: 0}
  m_Enabled: 1
  m_EditorHideFlags: 0
  m_Script: {fileID: 11500000, guid: 416f481261118f545aed27df47b94c56, type: 3}
  m_Name: RP_IntBasedOnParentValues
  m_EditorClassIdentifier: 
  mainAsset: {fileID: 5952679622616624142}
  foldoutTitle: 
  showRule: 0
  parentSizeOptions: {fileID: 1143167113939123958}
  borderOptions: {fileID: 7645441321904757584}
--- !u!114 &2417901778533643071
MonoBehaviour:
  m_ObjectHideFlags: 0
  m_CorrespondingSourceObject: {fileID: 0}
  m_PrefabInstance: {fileID: 0}
  m_PrefabAsset: {fileID: 0}
  m_GameObject: {fileID: 0}
  m_Enabled: 1
  m_EditorHideFlags: 0
  m_Script: {fileID: 11500000, guid: 69600e681cacfbc4bb5c6c308764530c, type: 3}
  m_Name: RP_TiledObject
  m_EditorClassIdentifier: 
  mainAsset: {fileID: 4378305284641842124}
  foldoutTitle: Tiled Object (RooftopBase)
  showRule: 0
  tiledObject: {fileID: 11400000, guid: cbc8f3a9de865e8439331a89fb7c4b00, type: 2}
--- !u!114 &2421192656029785907
MonoBehaviour:
  m_ObjectHideFlags: 0
  m_CorrespondingSourceObject: {fileID: 0}
  m_PrefabInstance: {fileID: 0}
  m_PrefabAsset: {fileID: 0}
  m_GameObject: {fileID: 0}
  m_Enabled: 1
  m_EditorHideFlags: 0
  m_Script: {fileID: 11500000, guid: ef71f21978ce67042aad5e631d67ba53, type: 3}
  m_Name: RP_DropDownIncludedBorders
  m_EditorClassIdentifier: 
  mainAsset: {fileID: -598482603767717154}
  foldoutTitle: 
  showRule: 0
  selectedParameter: {fileID: 9198102083597906232}
  selectedParameterIndex: 1
  availableParameterLabels:
  - Include Borders
  - Minus One Border
  - Minus Two Border
--- !u!114 &2939598921462606305
MonoBehaviour:
  m_ObjectHideFlags: 0
  m_CorrespondingSourceObject: {fileID: 0}
  m_PrefabInstance: {fileID: 0}
  m_PrefabAsset: {fileID: 0}
  m_GameObject: {fileID: 0}
  m_Enabled: 1
  m_EditorHideFlags: 0
  m_Script: {fileID: 11500000, guid: 34d79d25b309c764185f02c4a3efe230, type: 3}
  m_Name: RP_IntManual
  m_EditorClassIdentifier: 
  mainAsset: {fileID: -598482603767717154}
  foldoutTitle: 
  showRule: 0
  manualSizeValue: 1
--- !u!114 &3211187586634277015
MonoBehaviour:
  m_ObjectHideFlags: 0
  m_CorrespondingSourceObject: {fileID: 0}
  m_PrefabInstance: {fileID: 0}
  m_PrefabAsset: {fileID: 0}
  m_GameObject: {fileID: 0}
  m_Enabled: 1
  m_EditorHideFlags: 0
  m_Script: {fileID: 11500000, guid: 416f481261118f545aed27df47b94c56, type: 3}
  m_Name: RP_IntBasedOnParentValues
  m_EditorClassIdentifier: 
  mainAsset: {fileID: 5952679622616624142}
  foldoutTitle: 
  showRule: 0
  parentSizeOptions: {fileID: -423460056183951785}
  borderOptions: {fileID: -6993215703942048992}
--- !u!114 &3549277165771678454
MonoBehaviour:
  m_ObjectHideFlags: 0
  m_CorrespondingSourceObject: {fileID: 0}
  m_PrefabInstance: {fileID: 0}
  m_PrefabAsset: {fileID: 0}
  m_GameObject: {fileID: 0}
  m_Enabled: 1
  m_EditorHideFlags: 0
  m_Script: {fileID: 11500000, guid: 838b2f4c47b45274483065ec275c52ad, type: 3}
  m_Name: RP_RulesList
  m_EditorClassIdentifier: 
  mainAsset: {fileID: -5490325509590111117}
  foldoutTitle: Rules (1)
  showRule: 1
  rules:
  - {fileID: -598482603767717154}
  foldouts: 01
--- !u!114 &3890081614783190253
MonoBehaviour:
  m_ObjectHideFlags: 0
  m_CorrespondingSourceObject: {fileID: 0}
  m_PrefabInstance: {fileID: 0}
  m_PrefabAsset: {fileID: 0}
  m_GameObject: {fileID: 0}
  m_Enabled: 1
  m_EditorHideFlags: 0
  m_Script: {fileID: 11500000, guid: 6faedbe959a66b642ac015b226b557f5, type: 3}
  m_Name: TOR_Modify_Position
  m_EditorClassIdentifier: 
  positionX: {fileID: -8850214968270846882}
  positionY: {fileID: 7082596509221029741}
--- !u!114 &3913142830223921655
MonoBehaviour:
  m_ObjectHideFlags: 0
  m_CorrespondingSourceObject: {fileID: 0}
  m_PrefabInstance: {fileID: 0}
  m_PrefabAsset: {fileID: 0}
  m_GameObject: {fileID: 0}
  m_Enabled: 1
  m_EditorHideFlags: 0
  m_Script: {fileID: 11500000, guid: 5e0ed825b9547aa4fac550888e20098b, type: 3}
  m_Name: RP_ParentSizeHeight
  m_EditorClassIdentifier: 
  mainAsset: {fileID: 5952679622616624142}
  foldoutTitle: 
  showRule: 0
--- !u!114 &4047236294628533403
MonoBehaviour:
  m_ObjectHideFlags: 0
  m_CorrespondingSourceObject: {fileID: 0}
  m_PrefabInstance: {fileID: 0}
  m_PrefabAsset: {fileID: 0}
  m_GameObject: {fileID: 0}
  m_Enabled: 1
  m_EditorHideFlags: 0
  m_Script: {fileID: 11500000, guid: 69600e681cacfbc4bb5c6c308764530c, type: 3}
  m_Name: RP_TiledObject
  m_EditorClassIdentifier: 
  mainAsset: {fileID: -8501175935431798369}
  foldoutTitle: Tiled Object (RoofTopTube)
  showRule: 0
  tiledObject: {fileID: 11400000, guid: 269d9eccdee15a64f87dbfbc86b80346, type: 2}
--- !u!114 &4378305284641842124
MonoBehaviour:
  m_ObjectHideFlags: 0
  m_CorrespondingSourceObject: {fileID: 0}
  m_PrefabInstance: {fileID: 0}
  m_PrefabAsset: {fileID: 0}
  m_GameObject: {fileID: 0}
  m_Enabled: 1
  m_EditorHideFlags: 0
  m_Script: {fileID: 11500000, guid: 110bd035ab44bed44966869ac2a0845f, type: 3}
  m_Name: TOR_Add_TiledObject
  m_EditorClassIdentifier: 
  rp_rule: {fileID: -103165436261780750}
  rp_tiledObject: {fileID: 2417901778533643071}
--- !u!114 &4781791450001539435
MonoBehaviour:
  m_ObjectHideFlags: 0
  m_CorrespondingSourceObject: {fileID: 0}
  m_PrefabInstance: {fileID: 0}
  m_PrefabAsset: {fileID: 0}
  m_GameObject: {fileID: 0}
  m_Enabled: 1
  m_EditorHideFlags: 0
  m_Script: {fileID: 11500000, guid: 971dd80cf3da9a747bd88f74650179cd, type: 3}
  m_Name: RP_DropDownInt
  m_EditorClassIdentifier: 
  mainAsset: {fileID: -598482603767717154}
  foldoutTitle: 
  showRule: 0
  selectedParameter: {fileID: 5653478736752943263}
  selectedParameterIndex: 2
  availableParameterLabels:
  - Manual
  - Based on Parent Size
  - Random Value
--- !u!114 &5244914990469297667
MonoBehaviour:
  m_ObjectHideFlags: 0
  m_CorrespondingSourceObject: {fileID: 0}
  m_PrefabInstance: {fileID: 0}
  m_PrefabAsset: {fileID: 0}
  m_GameObject: {fileID: 0}
  m_Enabled: 1
  m_EditorHideFlags: 0
  m_Script: {fileID: 11500000, guid: 971dd80cf3da9a747bd88f74650179cd, type: 3}
  m_Name: RP_DropDownInt
  m_EditorClassIdentifier: 
  mainAsset: {fileID: 3890081614783190253}
  foldoutTitle: 
  showRule: 0
  selectedParameter: {fileID: -4656526537527622873}
  selectedParameterIndex: 0
  availableParameterLabels:
  - Manual
  - Based on Parent Size
  - Random Value
--- !u!114 &5383271300815906051
MonoBehaviour:
  m_ObjectHideFlags: 0
  m_CorrespondingSourceObject: {fileID: 0}
  m_PrefabInstance: {fileID: 0}
  m_PrefabAsset: {fileID: 0}
  m_GameObject: {fileID: 0}
  m_Enabled: 1
  m_EditorHideFlags: 0
  m_Script: {fileID: 11500000, guid: 971dd80cf3da9a747bd88f74650179cd, type: 3}
  m_Name: RP_DropDownInt
  m_EditorClassIdentifier: 
  mainAsset: {fileID: -598482603767717154}
  foldoutTitle: 
  showRule: 0
  selectedParameter: {fileID: -1746849020319736647}
  selectedParameterIndex: 1
  availableParameterLabels:
  - Manual
  - Based on Parent Size
  - Random Value
--- !u!114 &5653478736752943263
MonoBehaviour:
  m_ObjectHideFlags: 0
  m_CorrespondingSourceObject: {fileID: 0}
  m_PrefabInstance: {fileID: 0}
  m_PrefabAsset: {fileID: 0}
  m_GameObject: {fileID: 0}
  m_Enabled: 1
  m_EditorHideFlags: 0
  m_Script: {fileID: 11500000, guid: 09ec78827b3d50242885ac9fe5b79e72, type: 3}
  m_Name: RP_IntRandom
  m_EditorClassIdentifier: 
  mainAsset: {fileID: -598482603767717154}
  foldoutTitle: 
  showRule: 0
  dropDownIntMin: {fileID: -4899406790543586346}
  dropDownIntMax: {fileID: 5383271300815906051}
  minFoldout: 1
  maxFoldout: 1
  minFoldoutTitle: Minimum Value
  maxFoldoutTitle: Maximum Value
--- !u!114 &5952679622616624142
MonoBehaviour:
  m_ObjectHideFlags: 0
  m_CorrespondingSourceObject: {fileID: 0}
  m_PrefabInstance: {fileID: 0}
  m_PrefabAsset: {fileID: 0}
  m_GameObject: {fileID: 0}
  m_Enabled: 1
  m_EditorHideFlags: 0
  m_Script: {fileID: 11500000, guid: ee6a4de2b99e1dc4086ba490b76e5f8c, type: 3}
  m_Name: TOR_Modify_Size
  m_EditorClassIdentifier: 
  rp_SizeX: {fileID: -152428767611437099}
  rp_SizeY: {fileID: -5385414589751264143}
--- !u!114 &6778954147251332560
MonoBehaviour:
  m_ObjectHideFlags: 0
  m_CorrespondingSourceObject: {fileID: 0}
  m_PrefabInstance: {fileID: 0}
  m_PrefabAsset: {fileID: 0}
  m_GameObject: {fileID: 0}
  m_Enabled: 1
  m_EditorHideFlags: 0
  m_Script: {fileID: 11500000, guid: eef1385713c22fa43bc7fd756e997cff, type: 3}
  m_Name: RP_ModifyIntMinusTwoBorders
  m_EditorClassIdentifier: 
  mainAsset: {fileID: 3890081614783190253}
  foldoutTitle: 
  showRule: 0
--- !u!114 &7082596509221029741
MonoBehaviour:
  m_ObjectHideFlags: 0
  m_CorrespondingSourceObject: {fileID: 0}
  m_PrefabInstance: {fileID: 0}
  m_PrefabAsset: {fileID: 0}
  m_GameObject: {fileID: 0}
  m_Enabled: 1
  m_EditorHideFlags: 0
  m_Script: {fileID: 11500000, guid: 971dd80cf3da9a747bd88f74650179cd, type: 3}
  m_Name: RP_DropDownInt
  m_EditorClassIdentifier: 
  mainAsset: {fileID: 3890081614783190253}
  foldoutTitle: 
  showRule: 0
  selectedParameter: {fileID: 8870719260880997912}
  selectedParameterIndex: 1
  availableParameterLabels:
  - Manual
  - Based on Parent Size
  - Random Value
--- !u!114 &7324866877105463445
MonoBehaviour:
  m_ObjectHideFlags: 0
  m_CorrespondingSourceObject: {fileID: 0}
  m_PrefabInstance: {fileID: 0}
  m_PrefabAsset: {fileID: 0}
  m_GameObject: {fileID: 0}
  m_Enabled: 1
  m_EditorHideFlags: 0
  m_Script: {fileID: 11500000, guid: 117392dc613755141891cf1cfbb366e2, type: 3}
  m_Name: RP_ParentSizeWidth
  m_EditorClassIdentifier: 
  mainAsset: {fileID: 5952679622616624142}
  foldoutTitle: 
  showRule: 0
--- !u!114 &7368502698637612451
MonoBehaviour:
  m_ObjectHideFlags: 0
  m_CorrespondingSourceObject: {fileID: 0}
  m_PrefabInstance: {fileID: 0}
  m_PrefabAsset: {fileID: 0}
  m_GameObject: {fileID: 0}
  m_Enabled: 1
  m_EditorHideFlags: 0
  m_Script: {fileID: 11500000, guid: 34d79d25b309c764185f02c4a3efe230, type: 3}
  m_Name: RP_IntManual
  m_EditorClassIdentifier: 
  mainAsset: {fileID: -598482603767717154}
  foldoutTitle: 
  showRule: 0
  manualSizeValue: 0
--- !u!114 &7645441321904757584
MonoBehaviour:
  m_ObjectHideFlags: 0
  m_CorrespondingSourceObject: {fileID: 0}
  m_PrefabInstance: {fileID: 0}
  m_PrefabAsset: {fileID: 0}
  m_GameObject: {fileID: 0}
  m_Enabled: 1
  m_EditorHideFlags: 0
  m_Script: {fileID: 11500000, guid: ef71f21978ce67042aad5e631d67ba53, type: 3}
  m_Name: RP_DropDownIncludedBorders
  m_EditorClassIdentifier: 
  mainAsset: {fileID: 5952679622616624142}
  foldoutTitle: 
  showRule: 0
  selectedParameter: {fileID: -1671992749092222912}
  selectedParameterIndex: 0
  availableParameterLabels:
  - Include Borders
  - Minus One Border
  - Minus Two Border
--- !u!114 &7778217517095573462
MonoBehaviour:
  m_ObjectHideFlags: 0
  m_CorrespondingSourceObject: {fileID: 0}
  m_PrefabInstance: {fileID: 0}
  m_PrefabAsset: {fileID: 0}
  m_GameObject: {fileID: 0}
  m_Enabled: 1
  m_EditorHideFlags: 0
  m_Script: {fileID: 11500000, guid: 416f481261118f545aed27df47b94c56, type: 3}
  m_Name: RP_IntBasedOnParentValues
  m_EditorClassIdentifier: 
  mainAsset: {fileID: -598482603767717154}
  foldoutTitle: 
  showRule: 0
  parentSizeOptions: {fileID: 8964036199274025875}
  borderOptions: {fileID: -8420388890121611470}
--- !u!114 &7998858471706150605
MonoBehaviour:
  m_ObjectHideFlags: 0
  m_CorrespondingSourceObject: {fileID: 0}
  m_PrefabInstance: {fileID: 0}
  m_PrefabAsset: {fileID: 0}
  m_GameObject: {fileID: 0}
  m_Enabled: 1
  m_EditorHideFlags: 0
  m_Script: {fileID: 11500000, guid: 117392dc613755141891cf1cfbb366e2, type: 3}
  m_Name: RP_ParentSizeWidth
  m_EditorClassIdentifier: 
  mainAsset: {fileID: 3890081614783190253}
  foldoutTitle: 
  showRule: 0
--- !u!114 &8066919447549335674
MonoBehaviour:
  m_ObjectHideFlags: 0
  m_CorrespondingSourceObject: {fileID: 0}
  m_PrefabInstance: {fileID: 0}
  m_PrefabAsset: {fileID: 0}
  m_GameObject: {fileID: 0}
  m_Enabled: 1
  m_EditorHideFlags: 0
  m_Script: {fileID: 11500000, guid: d81318107066a274bb81a6977af242f7, type: 3}
  m_Name: RP_DropDownParentSize
  m_EditorClassIdentifier: 
  mainAsset: {fileID: 3890081614783190253}
  foldoutTitle: 
  showRule: 0
  selectedParameter: {fileID: 7998858471706150605}
  selectedParameterIndex: 0
  availableParameterLabels:
  - Parent Width
  - Parent Height
--- !u!114 &8473806220435891739
MonoBehaviour:
  m_ObjectHideFlags: 0
  m_CorrespondingSourceObject: {fileID: 0}
  m_PrefabInstance: {fileID: 0}
  m_PrefabAsset: {fileID: 0}
  m_GameObject: {fileID: 0}
  m_Enabled: 1
  m_EditorHideFlags: 0
  m_Script: {fileID: 11500000, guid: 117392dc613755141891cf1cfbb366e2, type: 3}
  m_Name: RP_ParentSizeWidth
  m_EditorClassIdentifier: 
  mainAsset: {fileID: -598482603767717154}
  foldoutTitle: 
  showRule: 0
--- !u!114 &8774497358565308691
MonoBehaviour:
  m_ObjectHideFlags: 0
  m_CorrespondingSourceObject: {fileID: 0}
  m_PrefabInstance: {fileID: 0}
  m_PrefabAsset: {fileID: 0}
  m_GameObject: {fileID: 0}
  m_Enabled: 1
  m_EditorHideFlags: 0
  m_Script: {fileID: 11500000, guid: 09ec78827b3d50242885ac9fe5b79e72, type: 3}
  m_Name: RP_IntRandom
  m_EditorClassIdentifier: 
  mainAsset: {fileID: -598482603767717154}
  foldoutTitle: 
  showRule: 0
  dropDownIntMin: {fileID: 60705483042433598}
  dropDownIntMax: {fileID: 283007306994435796}
  minFoldout: 1
  maxFoldout: 1
  minFoldoutTitle: Minimum Value
  maxFoldoutTitle: Maximum Value
--- !u!114 &8870719260880997912
MonoBehaviour:
  m_ObjectHideFlags: 0
  m_CorrespondingSourceObject: {fileID: 0}
  m_PrefabInstance: {fileID: 0}
  m_PrefabAsset: {fileID: 0}
  m_GameObject: {fileID: 0}
  m_Enabled: 1
  m_EditorHideFlags: 0
  m_Script: {fileID: 11500000, guid: 416f481261118f545aed27df47b94c56, type: 3}
  m_Name: RP_IntBasedOnParentValues
  m_EditorClassIdentifier: 
  mainAsset: {fileID: 3890081614783190253}
  foldoutTitle: 
  showRule: 0
  parentSizeOptions: {fileID: -5563252419511123203}
  borderOptions: {fileID: 880698987999528421}
--- !u!114 &8964036199274025875
MonoBehaviour:
  m_ObjectHideFlags: 0
  m_CorrespondingSourceObject: {fileID: 0}
  m_PrefabInstance: {fileID: 0}
  m_PrefabAsset: {fileID: 0}
  m_GameObject: {fileID: 0}
  m_Enabled: 1
  m_EditorHideFlags: 0
  m_Script: {fileID: 11500000, guid: d81318107066a274bb81a6977af242f7, type: 3}
  m_Name: RP_DropDownParentSize
  m_EditorClassIdentifier: 
  mainAsset: {fileID: -598482603767717154}
  foldoutTitle: 
  showRule: 0
  selectedParameter: {fileID: -2287904237440859146}
  selectedParameterIndex: 1
  availableParameterLabels:
  - Parent Width
  - Parent Height
--- !u!114 &9198102083597906232
MonoBehaviour:
  m_ObjectHideFlags: 0
  m_CorrespondingSourceObject: {fileID: 0}
  m_PrefabInstance: {fileID: 0}
  m_PrefabAsset: {fileID: 0}
  m_GameObject: {fileID: 0}
  m_Enabled: 1
  m_EditorHideFlags: 0
  m_Script: {fileID: 11500000, guid: 528abe1e26e25084dada56820f5a9315, type: 3}
  m_Name: RP_ModifyIntMinusOneBorder
  m_EditorClassIdentifier: 
  mainAsset: {fileID: -598482603767717154}
  foldoutTitle: 
  showRule: 0
