%YAML 1.1
%TAG !u! tag:unity3d.com,2011:
--- !u!114 &-8893209117718002546
MonoBehaviour:
  m_ObjectHideFlags: 0
  m_CorrespondingSourceObject: {fileID: 0}
  m_PrefabInstance: {fileID: 0}
  m_PrefabAsset: {fileID: 0}
  m_GameObject: {fileID: 0}
  m_Enabled: 1
  m_EditorHideFlags: 0
  m_Script: {fileID: 11500000, guid: 971dd80cf3da9a747bd88f74650179cd, type: 3}
  m_Name: RP_DropDownInt
  m_EditorClassIdentifier: 
  mainAsset: {fileID: 7738502946910316190}
  foldoutTitle: 
  showRule: 0
  selectedParameter: {fileID: 6317590462641594485}
  selectedParameterIndex: 0
  availableParameterLabels:
  - Manual
  - Based on Parent Size
  - Random Value
--- !u!114 &-8756128237675860780
MonoBehaviour:
  m_ObjectHideFlags: 0
  m_CorrespondingSourceObject: {fileID: 0}
  m_PrefabInstance: {fileID: 0}
  m_PrefabAsset: {fileID: 0}
  m_GameObject: {fileID: 0}
  m_Enabled: 1
  m_EditorHideFlags: 0
  m_Script: {fileID: 11500000, guid: 0eacd92d67158d745acc67660d52e6f1, type: 3}
  m_Name: RP_DropDownGridItemType
  m_EditorClassIdentifier: 
  mainAsset: {fileID: -8651940537264597145}
  foldoutTitle: 
  showRule: 0
  selectedParameter: {fileID: 8069711844984625845}
  selectedParameterIndex: 0
  availableParameterLabels:
  - Simple Tile
  - Tiled Object
--- !u!114 &-8651940537264597145
MonoBehaviour:
  m_ObjectHideFlags: 0
  m_CorrespondingSourceObject: {fileID: 0}
  m_PrefabInstance: {fileID: 0}
  m_PrefabAsset: {fileID: 0}
  m_GameObject: {fileID: 0}
  m_Enabled: 1
  m_EditorHideFlags: 0
  m_Script: {fileID: 11500000, guid: 7c95a05cc295f1b4c905004b4fd0ef18, type: 3}
  m_Name: RP_GridableObject
  m_EditorClassIdentifier: 
  mainAsset: {fileID: -95276808160510982}
  foldoutTitle: 
  showRule: 0
  RP_GridableObjectType: {fileID: -8756128237675860780}
  gridPositions:
    activePositions: 000000000000010000
--- !u!114 &-8407539024360185526
MonoBehaviour:
  m_ObjectHideFlags: 0
  m_CorrespondingSourceObject: {fileID: 0}
  m_PrefabInstance: {fileID: 0}
  m_PrefabAsset: {fileID: 0}
  m_GameObject: {fileID: 0}
  m_Enabled: 1
  m_EditorHideFlags: 0
  m_Script: {fileID: 11500000, guid: 7c95a05cc295f1b4c905004b4fd0ef18, type: 3}
  m_Name: RP_GridableObject
  m_EditorClassIdentifier: 
  mainAsset: {fileID: -95276808160510982}
  foldoutTitle: 
  showRule: 0
  RP_GridableObjectType: {fileID: 172732650724156552}
  gridPositions:
    activePositions: 000001000000000000
--- !u!114 &-8295325584229274455
MonoBehaviour:
  m_ObjectHideFlags: 0
  m_CorrespondingSourceObject: {fileID: 0}
  m_PrefabInstance: {fileID: 0}
  m_PrefabAsset: {fileID: 0}
  m_GameObject: {fileID: 0}
  m_Enabled: 1
  m_EditorHideFlags: 0
  m_Script: {fileID: 11500000, guid: 7c95a05cc295f1b4c905004b4fd0ef18, type: 3}
  m_Name: RP_GridableObject
  m_EditorClassIdentifier: 
  mainAsset: {fileID: -95276808160510982}
  foldoutTitle: 
  showRule: 0
  RP_GridableObjectType: {fileID: -306058593786441853}
  gridPositions:
    activePositions: 000000010000000000
--- !u!114 &-7647290260086509571
MonoBehaviour:
  m_ObjectHideFlags: 0
  m_CorrespondingSourceObject: {fileID: 0}
  m_PrefabInstance: {fileID: 0}
  m_PrefabAsset: {fileID: 0}
  m_GameObject: {fileID: 0}
  m_Enabled: 1
  m_EditorHideFlags: 0
  m_Script: {fileID: 11500000, guid: 7273bc96d058d614c87288e44b7c11a4, type: 3}
  m_Name: RP_Tile
  m_EditorClassIdentifier: 
  mainAsset: {fileID: 8017228257403139129}
  foldoutTitle: Tile (Rooftop1_14)
  showRule: 1
  tile: {fileID: 11400000, guid: d1a3a4fd4e85fd54093857932b1000f2, type: 2}
--- !u!114 &-7557233714051196534
MonoBehaviour:
  m_ObjectHideFlags: 0
  m_CorrespondingSourceObject: {fileID: 0}
  m_PrefabInstance: {fileID: 0}
  m_PrefabAsset: {fileID: 0}
  m_GameObject: {fileID: 0}
  m_Enabled: 1
  m_EditorHideFlags: 0
  m_Script: {fileID: 11500000, guid: 7273bc96d058d614c87288e44b7c11a4, type: 3}
  m_Name: RP_Tile
  m_EditorClassIdentifier: 
  mainAsset: {fileID: -8295325584229274455}
  foldoutTitle: Tile (Rooftop1_21)
  showRule: 1
  tile: {fileID: 11400000, guid: 2d178758a13c6a44787341fc96b8d5de, type: 2}
--- !u!114 &-7479483240480938047
MonoBehaviour:
  m_ObjectHideFlags: 0
  m_CorrespondingSourceObject: {fileID: 0}
  m_PrefabInstance: {fileID: 0}
  m_PrefabAsset: {fileID: 0}
  m_GameObject: {fileID: 0}
  m_Enabled: 1
  m_EditorHideFlags: 0
  m_Script: {fileID: 11500000, guid: 34d79d25b309c764185f02c4a3efe230, type: 3}
  m_Name: RP_IntManual
  m_EditorClassIdentifier: 
  mainAsset: {fileID: 7738502946910316190}
  foldoutTitle: 
  showRule: 0
  manualSizeValue: 20
--- !u!114 &-7335430290343096886
MonoBehaviour:
  m_ObjectHideFlags: 0
  m_CorrespondingSourceObject: {fileID: 0}
  m_PrefabInstance: {fileID: 0}
  m_PrefabAsset: {fileID: 0}
  m_GameObject: {fileID: 0}
  m_Enabled: 1
  m_EditorHideFlags: 0
  m_Script: {fileID: 11500000, guid: 0eacd92d67158d745acc67660d52e6f1, type: 3}
  m_Name: RP_DropDownGridItemType
  m_EditorClassIdentifier: 
  mainAsset: {fileID: 8017228257403139129}
  foldoutTitle: 
  showRule: 0
  selectedParameter: {fileID: -7647290260086509571}
  selectedParameterIndex: 0
  availableParameterLabels:
  - Simple Tile
  - Tiled Object
--- !u!114 &-6632367013017466506
MonoBehaviour:
  m_ObjectHideFlags: 0
  m_CorrespondingSourceObject: {fileID: 0}
  m_PrefabInstance: {fileID: 0}
  m_PrefabAsset: {fileID: 0}
  m_GameObject: {fileID: 0}
  m_Enabled: 1
  m_EditorHideFlags: 0
  m_Script: {fileID: 11500000, guid: 7273bc96d058d614c87288e44b7c11a4, type: 3}
  m_Name: RP_Tile
  m_EditorClassIdentifier: 
  mainAsset: {fileID: -4188302882761581585}
  foldoutTitle: Tile (Rooftop1_26)
  showRule: 1
  tile: {fileID: 11400000, guid: f3af07fa6c93ed44bae777862cc5a985, type: 2}
--- !u!114 &-5927612393300350262
MonoBehaviour:
  m_ObjectHideFlags: 0
  m_CorrespondingSourceObject: {fileID: 0}
  m_PrefabInstance: {fileID: 0}
  m_PrefabAsset: {fileID: 0}
  m_GameObject: {fileID: 0}
  m_Enabled: 1
  m_EditorHideFlags: 0
  m_Script: {fileID: 11500000, guid: 7273bc96d058d614c87288e44b7c11a4, type: 3}
  m_Name: RP_Tile
  m_EditorClassIdentifier: 
  mainAsset: {fileID: 5864032523322268674}
  foldoutTitle: Tile (Rooftop1_29)
  showRule: 1
  tile: {fileID: 11400000, guid: 34a3cdcc69eb3e9418b02aec3def4628, type: 2}
--- !u!114 &-5659748541558316489
MonoBehaviour:
  m_ObjectHideFlags: 0
  m_CorrespondingSourceObject: {fileID: 0}
  m_PrefabInstance: {fileID: 0}
  m_PrefabAsset: {fileID: 0}
  m_GameObject: {fileID: 0}
  m_Enabled: 1
  m_EditorHideFlags: 0
  m_Script: {fileID: 11500000, guid: 971dd80cf3da9a747bd88f74650179cd, type: 3}
  m_Name: RP_DropDownInt
  m_EditorClassIdentifier: 
  mainAsset: {fileID: 7738502946910316190}
  foldoutTitle: 
  showRule: 0
  selectedParameter: {fileID: -2478721655152357532}
  selectedParameterIndex: 0
  availableParameterLabels:
  - Manual
  - Based on Parent Size
  - Random Value
--- !u!114 &-5591872236260654748
MonoBehaviour:
  m_ObjectHideFlags: 0
  m_CorrespondingSourceObject: {fileID: 0}
  m_PrefabInstance: {fileID: 0}
  m_PrefabAsset: {fileID: 0}
  m_GameObject: {fileID: 0}
  m_Enabled: 1
  m_EditorHideFlags: 0
  m_Script: {fileID: 11500000, guid: 34d79d25b309c764185f02c4a3efe230, type: 3}
  m_Name: RP_IntManual
  m_EditorClassIdentifier: 
  mainAsset: {fileID: 7738502946910316190}
  foldoutTitle: 
  showRule: 0
  manualSizeValue: 1
--- !u!114 &-5499814159217746155
MonoBehaviour:
  m_ObjectHideFlags: 0
  m_CorrespondingSourceObject: {fileID: 0}
  m_PrefabInstance: {fileID: 0}
  m_PrefabAsset: {fileID: 0}
  m_GameObject: {fileID: 0}
  m_Enabled: 1
  m_EditorHideFlags: 0
  m_Script: {fileID: 11500000, guid: 6f5ee04cebc77ab4eb8e9ac4e5e4b5fe, type: 3}
  m_Name: RP_DropDownGridGeneration
  m_EditorClassIdentifier: 
  mainAsset: {fileID: -3835166107436194316}
  foldoutTitle: 
  showRule: 0
  selectedParameter: {fileID: 2008128998185201932}
  selectedParameterIndex: 0
  availableParameterLabels:
  - Based on grid size
  - Based on grid cells
--- !u!114 &-5494288294374754009
MonoBehaviour:
  m_ObjectHideFlags: 0
  m_CorrespondingSourceObject: {fileID: 0}
  m_PrefabInstance: {fileID: 0}
  m_PrefabAsset: {fileID: 0}
  m_GameObject: {fileID: 0}
  m_Enabled: 1
  m_EditorHideFlags: 0
  m_Script: {fileID: 11500000, guid: 0eacd92d67158d745acc67660d52e6f1, type: 3}
  m_Name: RP_DropDownGridItemType
  m_EditorClassIdentifier: 
  mainAsset: {fileID: -5156768188491408772}
  foldoutTitle: 
  showRule: 0
  selectedParameter: {fileID: 7391442935249783852}
  selectedParameterIndex: 0
  availableParameterLabels:
  - Simple Tile
  - Tiled Object
--- !u!114 &-5413712463781847990
MonoBehaviour:
  m_ObjectHideFlags: 0
  m_CorrespondingSourceObject: {fileID: 0}
  m_PrefabInstance: {fileID: 0}
  m_PrefabAsset: {fileID: 0}
  m_GameObject: {fileID: 0}
  m_Enabled: 1
  m_EditorHideFlags: 0
  m_Script: {fileID: 11500000, guid: 34d79d25b309c764185f02c4a3efe230, type: 3}
  m_Name: RP_IntManual
  m_EditorClassIdentifier: 
  mainAsset: {fileID: 7738502946910316190}
  foldoutTitle: 
  showRule: 0
  manualSizeValue: 1
--- !u!114 &-5353916380340244859
MonoBehaviour:
  m_ObjectHideFlags: 0
  m_CorrespondingSourceObject: {fileID: 0}
  m_PrefabInstance: {fileID: 0}
  m_PrefabAsset: {fileID: 0}
  m_GameObject: {fileID: 0}
  m_Enabled: 1
  m_EditorHideFlags: 0
  m_Script: {fileID: 11500000, guid: 7273bc96d058d614c87288e44b7c11a4, type: 3}
  m_Name: RP_Tile
  m_EditorClassIdentifier: 
  mainAsset: {fileID: -8407539024360185526}
  foldoutTitle: Tile (Rooftop1_19)
  showRule: 1
  tile: {fileID: 11400000, guid: 7c6bde76130712040a51f8993e06d424, type: 2}
--- !u!114 &-5258149609163366408
MonoBehaviour:
  m_ObjectHideFlags: 0
  m_CorrespondingSourceObject: {fileID: 0}
  m_PrefabInstance: {fileID: 0}
  m_PrefabAsset: {fileID: 0}
  m_GameObject: {fileID: 0}
  m_Enabled: 1
  m_EditorHideFlags: 0
  m_Script: {fileID: 11500000, guid: 971dd80cf3da9a747bd88f74650179cd, type: 3}
  m_Name: RP_DropDownInt
  m_EditorClassIdentifier: 
  mainAsset: {fileID: 7738502946910316190}
  foldoutTitle: 
  showRule: 0
  selectedParameter: {fileID: 5972565989764082108}
  selectedParameterIndex: 0
  availableParameterLabels:
  - Manual
  - Based on Parent Size
  - Random Value
--- !u!114 &-5156768188491408772
MonoBehaviour:
  m_ObjectHideFlags: 0
  m_CorrespondingSourceObject: {fileID: 0}
  m_PrefabInstance: {fileID: 0}
  m_PrefabAsset: {fileID: 0}
  m_GameObject: {fileID: 0}
  m_Enabled: 1
  m_EditorHideFlags: 0
  m_Script: {fileID: 11500000, guid: 7c95a05cc295f1b4c905004b4fd0ef18, type: 3}
  m_Name: RP_GridableObject
  m_EditorClassIdentifier: 
  mainAsset: {fileID: -95276808160510982}
  foldoutTitle: 
  showRule: 0
  RP_GridableObjectType: {fileID: -5494288294374754009}
  gridPositions:
    activePositions: 000000000100000000
--- !u!114 &-5003294722509748371
MonoBehaviour:
  m_ObjectHideFlags: 0
  m_CorrespondingSourceObject: {fileID: 0}
  m_PrefabInstance: {fileID: 0}
  m_PrefabAsset: {fileID: 0}
  m_GameObject: {fileID: 0}
  m_Enabled: 1
  m_EditorHideFlags: 0
  m_Script: {fileID: 11500000, guid: 0eacd92d67158d745acc67660d52e6f1, type: 3}
  m_Name: RP_DropDownGridItemType
  m_EditorClassIdentifier: 
  mainAsset: {fileID: 5864032523322268674}
  foldoutTitle: 
  showRule: 0
  selectedParameter: {fileID: -5927612393300350262}
  selectedParameterIndex: 0
  availableParameterLabels:
  - Simple Tile
  - Tiled Object
--- !u!114 &-4608151212026220274
MonoBehaviour:
  m_ObjectHideFlags: 0
  m_CorrespondingSourceObject: {fileID: 0}
  m_PrefabInstance: {fileID: 0}
  m_PrefabAsset: {fileID: 0}
  m_GameObject: {fileID: 0}
  m_Enabled: 1
  m_EditorHideFlags: 0
  m_Script: {fileID: 11500000, guid: 34d79d25b309c764185f02c4a3efe230, type: 3}
  m_Name: RP_IntManual
  m_EditorClassIdentifier: 
  mainAsset: {fileID: 7738502946910316190}
  foldoutTitle: 
  showRule: 0
  manualSizeValue: 1
--- !u!114 &-4562061613638707186
MonoBehaviour:
  m_ObjectHideFlags: 0
  m_CorrespondingSourceObject: {fileID: 0}
  m_PrefabInstance: {fileID: 0}
  m_PrefabAsset: {fileID: 0}
  m_GameObject: {fileID: 0}
  m_Enabled: 1
  m_EditorHideFlags: 0
  m_Script: {fileID: 11500000, guid: 34d79d25b309c764185f02c4a3efe230, type: 3}
  m_Name: RP_IntManual
  m_EditorClassIdentifier: 
  mainAsset: {fileID: 7738502946910316190}
  foldoutTitle: 
  showRule: 0
  manualSizeValue: 0
--- !u!114 &-4400821110735924729
MonoBehaviour:
  m_ObjectHideFlags: 0
  m_CorrespondingSourceObject: {fileID: 0}
  m_PrefabInstance: {fileID: 0}
  m_PrefabAsset: {fileID: 0}
  m_GameObject: {fileID: 0}
  m_Enabled: 1
  m_EditorHideFlags: 0
  m_Script: {fileID: 11500000, guid: 0eacd92d67158d745acc67660d52e6f1, type: 3}
  m_Name: RP_DropDownGridItemType
  m_EditorClassIdentifier: 
  mainAsset: {fileID: 687908234688392539}
  foldoutTitle: 
  showRule: 0
  selectedParameter: {fileID: 182780306570815643}
  selectedParameterIndex: 0
  availableParameterLabels:
  - Simple Tile
  - Tiled Object
--- !u!114 &-4188302882761581585
MonoBehaviour:
  m_ObjectHideFlags: 0
  m_CorrespondingSourceObject: {fileID: 0}
  m_PrefabInstance: {fileID: 0}
  m_PrefabAsset: {fileID: 0}
  m_GameObject: {fileID: 0}
  m_Enabled: 1
  m_EditorHideFlags: 0
  m_Script: {fileID: 11500000, guid: 7c95a05cc295f1b4c905004b4fd0ef18, type: 3}
  m_Name: RP_GridableObject
  m_EditorClassIdentifier: 
  mainAsset: {fileID: -95276808160510982}
  foldoutTitle: 
  showRule: 0
  RP_GridableObjectType: {fileID: 7093046012133235054}
  gridPositions:
    activePositions: 000000000000000001
--- !u!114 &-3904681168636106594
MonoBehaviour:
  m_ObjectHideFlags: 0
  m_CorrespondingSourceObject: {fileID: 0}
  m_PrefabInstance: {fileID: 0}
  m_PrefabAsset: {fileID: 0}
  m_GameObject: {fileID: 0}
  m_Enabled: 1
  m_EditorHideFlags: 0
  m_Script: {fileID: 11500000, guid: 34d79d25b309c764185f02c4a3efe230, type: 3}
  m_Name: RP_IntManual
  m_EditorClassIdentifier: 
  mainAsset: {fileID: 7738502946910316190}
  foldoutTitle: 
  showRule: 0
  manualSizeValue: 1
--- !u!114 &-3835166107436194316
MonoBehaviour:
  m_ObjectHideFlags: 0
  m_CorrespondingSourceObject: {fileID: 0}
  m_PrefabInstance: {fileID: 0}
  m_PrefabAsset: {fileID: 0}
  m_GameObject: {fileID: 0}
  m_Enabled: 1
  m_EditorHideFlags: 0
  m_Script: {fileID: 11500000, guid: ddfd87313627a634ca63131e56908cc5, type: 3}
  m_Name: TOR_Add_Grid_Third
  m_EditorClassIdentifier: 
  RP_GridGenMethod_Horizontal: {fileID: 897549470331949586}
  RP_GridGenMethod_Vertical: {fileID: -5499814159217746155}
  RP_Grid_Limits: {fileID: 7738502946910316190}
  RP_ItemList: {fileID: -95276808160510982}
--- !u!114 &-2478721655152357532
MonoBehaviour:
  m_ObjectHideFlags: 0
  m_CorrespondingSourceObject: {fileID: 0}
  m_PrefabInstance: {fileID: 0}
  m_PrefabAsset: {fileID: 0}
  m_GameObject: {fileID: 0}
  m_Enabled: 1
  m_EditorHideFlags: 0
  m_Script: {fileID: 11500000, guid: 34d79d25b309c764185f02c4a3efe230, type: 3}
  m_Name: RP_IntManual
  m_EditorClassIdentifier: 
  mainAsset: {fileID: 7738502946910316190}
  foldoutTitle: 
  showRule: 0
  manualSizeValue: 1
--- !u!114 &-2093469353497188379
MonoBehaviour:
  m_ObjectHideFlags: 0
  m_CorrespondingSourceObject: {fileID: 0}
  m_PrefabInstance: {fileID: 0}
  m_PrefabAsset: {fileID: 0}
  m_GameObject: {fileID: 0}
  m_Enabled: 1
  m_EditorHideFlags: 0
  m_Script: {fileID: 11500000, guid: 7273bc96d058d614c87288e44b7c11a4, type: 3}
  m_Name: RP_Tile
  m_EditorClassIdentifier: 
  mainAsset: {fileID: 7497268251360830718}
  foldoutTitle: Tile (Rooftop1_17)
  showRule: 1
  tile: {fileID: 11400000, guid: b461cc22b3b23b848ae09081eddf407e, type: 2}
--- !u!114 &-1560374920447443108
MonoBehaviour:
  m_ObjectHideFlags: 0
  m_CorrespondingSourceObject: {fileID: 0}
  m_PrefabInstance: {fileID: 0}
  m_PrefabAsset: {fileID: 0}
  m_GameObject: {fileID: 0}
  m_Enabled: 1
  m_EditorHideFlags: 0
  m_Script: {fileID: 11500000, guid: 34d79d25b309c764185f02c4a3efe230, type: 3}
  m_Name: RP_IntManual
  m_EditorClassIdentifier: 
  mainAsset: {fileID: 7738502946910316190}
  foldoutTitle: 
  showRule: 0
  manualSizeValue: 0
--- !u!114 &-1528503105622427275
MonoBehaviour:
  m_ObjectHideFlags: 0
  m_CorrespondingSourceObject: {fileID: 0}
  m_PrefabInstance: {fileID: 0}
  m_PrefabAsset: {fileID: 0}
  m_GameObject: {fileID: 0}
  m_Enabled: 1
  m_EditorHideFlags: 0
  m_Script: {fileID: 11500000, guid: 971dd80cf3da9a747bd88f74650179cd, type: 3}
  m_Name: RP_DropDownInt
  m_EditorClassIdentifier: 
  mainAsset: {fileID: 7738502946910316190}
  foldoutTitle: 
  showRule: 0
  selectedParameter: {fileID: -4562061613638707186}
  selectedParameterIndex: 0
  availableParameterLabels:
  - Manual
  - Based on Parent Size
  - Random Value
--- !u!114 &-1197286134663983287
MonoBehaviour:
  m_ObjectHideFlags: 0
  m_CorrespondingSourceObject: {fileID: 0}
  m_PrefabInstance: {fileID: 0}
  m_PrefabAsset: {fileID: 0}
  m_GameObject: {fileID: 0}
  m_Enabled: 1
  m_EditorHideFlags: 0
  m_Script: {fileID: 11500000, guid: 646d506f1c7b8e04aa14b8c7dca14919, type: 3}
  m_Name: RP_GridGeneration_BasedOnTiles
  m_EditorClassIdentifier: 
  mainAsset: {fileID: -3835166107436194316}
  foldoutTitle: 
  showRule: 0
--- !u!114 &-932854152515256956
MonoBehaviour:
  m_ObjectHideFlags: 0
  m_CorrespondingSourceObject: {fileID: 0}
  m_PrefabInstance: {fileID: 0}
  m_PrefabAsset: {fileID: 0}
  m_GameObject: {fileID: 0}
  m_Enabled: 1
  m_EditorHideFlags: 0
  m_Script: {fileID: 11500000, guid: 838b2f4c47b45274483065ec275c52ad, type: 3}
  m_Name: RP_RulesList
  m_EditorClassIdentifier: 
  mainAsset: {fileID: 11400000}
  foldoutTitle: Rules (1)
  showRule: 1
  rules:
  - {fileID: -3835166107436194316}
  foldouts: 01
--- !u!114 &-358629827053843375
MonoBehaviour:
  m_ObjectHideFlags: 0
  m_CorrespondingSourceObject: {fileID: 0}
  m_PrefabInstance: {fileID: 0}
  m_PrefabAsset: {fileID: 0}
  m_GameObject: {fileID: 0}
  m_Enabled: 1
  m_EditorHideFlags: 0
  m_Script: {fileID: 11500000, guid: 09ec78827b3d50242885ac9fe5b79e72, type: 3}
  m_Name: RP_IntRandom
  m_EditorClassIdentifier: 
  mainAsset: {fileID: 7738502946910316190}
  foldoutTitle: 
  showRule: 0
  dropDownIntMin: {fileID: -8893209117718002546}
  dropDownIntMax: {fileID: 3116292715781822498}
  minFoldout: 1
  maxFoldout: 1
  minFoldoutTitle: Minimum Value
  maxFoldoutTitle: Maximum Value
--- !u!114 &-306058593786441853
MonoBehaviour:
  m_ObjectHideFlags: 0
  m_CorrespondingSourceObject: {fileID: 0}
  m_PrefabInstance: {fileID: 0}
  m_PrefabAsset: {fileID: 0}
  m_GameObject: {fileID: 0}
  m_Enabled: 1
  m_EditorHideFlags: 0
  m_Script: {fileID: 11500000, guid: 0eacd92d67158d745acc67660d52e6f1, type: 3}
  m_Name: RP_DropDownGridItemType
  m_EditorClassIdentifier: 
  mainAsset: {fileID: -8295325584229274455}
  foldoutTitle: 
  showRule: 0
  selectedParameter: {fileID: -7557233714051196534}
  selectedParameterIndex: 0
  availableParameterLabels:
  - Simple Tile
  - Tiled Object
--- !u!114 &-95276808160510982
MonoBehaviour:
  m_ObjectHideFlags: 0
  m_CorrespondingSourceObject: {fileID: 0}
  m_PrefabInstance: {fileID: 0}
  m_PrefabAsset: {fileID: 0}
  m_GameObject: {fileID: 0}
  m_Enabled: 1
  m_EditorHideFlags: 0
  m_Script: {fileID: 11500000, guid: ed1776ea8ad0be541aa7d7272bf60d59, type: 3}
  m_Name: RP_GridableObjectsList
  m_EditorClassIdentifier: 
  mainAsset: {fileID: -3835166107436194316}
  foldoutTitle: 
  showRule: 1
  objectsListsPositions:
    topLeft:
    - {fileID: 8017228257403139129}
    topCenter:
    - {fileID: 7497268251360830718}
    topRight:
    - {fileID: -8407539024360185526}
    middleLeft:
    - {fileID: -8295325584229274455}
    - {fileID: 1831499554025020038}
    middleCentre:
    - {fileID: -5156768188491408772}
    middleRight:
    - {fileID: 3012432687729884511}
    - {fileID: 5864032523322268674}
    bottomLeft:
    - {fileID: -8651940537264597145}
    - {fileID: 1831499554025020038}
    bottomCenter:
    - {fileID: 687908234688392539}
    bottomRight:
    - {fileID: -4188302882761581585}
    - {fileID: 5864032523322268674}
  gridObjects:
  - {fileID: 8017228257403139129}
  - {fileID: -8407539024360185526}
  - {fileID: 7497268251360830718}
  - {fileID: -8295325584229274455}
  - {fileID: 3012432687729884511}
  - {fileID: -5156768188491408772}
  - {fileID: -8651940537264597145}
  - {fileID: 687908234688392539}
  - {fileID: -4188302882761581585}
  - {fileID: 5864032523322268674}
  - {fileID: 1831499554025020038}
--- !u!114 &11400000
MonoBehaviour:
  m_ObjectHideFlags: 0
  m_CorrespondingSourceObject: {fileID: 0}
  m_PrefabInstance: {fileID: 0}
  m_PrefabAsset: {fileID: 0}
  m_GameObject: {fileID: 0}
  m_Enabled: 1
  m_EditorHideFlags: 0
  m_Script: {fileID: 11500000, guid: 150db34a701e961488aa694d769cebe1, type: 3}
  m_Name: RooftopBase
  m_EditorClassIdentifier: 
  basicTiledObject:
    positionedTiles: []
    objectRules: []
    size: {x: 3, y: 3}
  rp_rule: {fileID: -932854152515256956}
--- !u!114 &172732650724156552
MonoBehaviour:
  m_ObjectHideFlags: 0
  m_CorrespondingSourceObject: {fileID: 0}
  m_PrefabInstance: {fileID: 0}
  m_PrefabAsset: {fileID: 0}
  m_GameObject: {fileID: 0}
  m_Enabled: 1
  m_EditorHideFlags: 0
  m_Script: {fileID: 11500000, guid: 0eacd92d67158d745acc67660d52e6f1, type: 3}
  m_Name: RP_DropDownGridItemType
  m_EditorClassIdentifier: 
  mainAsset: {fileID: -8407539024360185526}
  foldoutTitle: 
  showRule: 0
  selectedParameter: {fileID: -5353916380340244859}
  selectedParameterIndex: 0
  availableParameterLabels:
  - Simple Tile
  - Tiled Object
--- !u!114 &182780306570815643
MonoBehaviour:
  m_ObjectHideFlags: 0
  m_CorrespondingSourceObject: {fileID: 0}
  m_PrefabInstance: {fileID: 0}
  m_PrefabAsset: {fileID: 0}
  m_GameObject: {fileID: 0}
  m_Enabled: 1
  m_EditorHideFlags: 0
  m_Script: {fileID: 11500000, guid: 7273bc96d058d614c87288e44b7c11a4, type: 3}
  m_Name: RP_Tile
  m_EditorClassIdentifier: 
  mainAsset: {fileID: 687908234688392539}
  foldoutTitle: Tile (Rooftop1_30)
  showRule: 1
  tile: {fileID: 11400000, guid: ed74ff57debd0414b8bf3ef6f6513a5b, type: 2}
--- !u!114 &637353111956827741
MonoBehaviour:
  m_ObjectHideFlags: 0
  m_CorrespondingSourceObject: {fileID: 0}
  m_PrefabInstance: {fileID: 0}
  m_PrefabAsset: {fileID: 0}
  m_GameObject: {fileID: 0}
  m_Enabled: 1
  m_EditorHideFlags: 0
  m_Script: {fileID: 11500000, guid: 0eacd92d67158d745acc67660d52e6f1, type: 3}
  m_Name: RP_DropDownGridItemType
  m_EditorClassIdentifier: 
  mainAsset: {fileID: 3012432687729884511}
  foldoutTitle: 
  showRule: 0
  selectedParameter: {fileID: 5631240618050021415}
  selectedParameterIndex: 0
  availableParameterLabels:
  - Simple Tile
  - Tiled Object
--- !u!114 &645058399978117165
MonoBehaviour:
  m_ObjectHideFlags: 0
  m_CorrespondingSourceObject: {fileID: 0}
  m_PrefabInstance: {fileID: 0}
  m_PrefabAsset: {fileID: 0}
  m_GameObject: {fileID: 0}
  m_Enabled: 1
  m_EditorHideFlags: 0
  m_Script: {fileID: 11500000, guid: 971dd80cf3da9a747bd88f74650179cd, type: 3}
  m_Name: RP_DropDownInt
  m_EditorClassIdentifier: 
  mainAsset: {fileID: 7738502946910316190}
  foldoutTitle: 
  showRule: 0
  selectedParameter: {fileID: 2264263923253236208}
  selectedParameterIndex: 2
  availableParameterLabels:
  - Manual
  - Based on Parent Size
  - Random Value
--- !u!114 &687908234688392539
MonoBehaviour:
  m_ObjectHideFlags: 0
  m_CorrespondingSourceObject: {fileID: 0}
  m_PrefabInstance: {fileID: 0}
  m_PrefabAsset: {fileID: 0}
  m_GameObject: {fileID: 0}
  m_Enabled: 1
  m_EditorHideFlags: 0
  m_Script: {fileID: 11500000, guid: 7c95a05cc295f1b4c905004b4fd0ef18, type: 3}
  m_Name: RP_GridableObject
  m_EditorClassIdentifier: 
  mainAsset: {fileID: -95276808160510982}
  foldoutTitle: 
  showRule: 0
  RP_GridableObjectType: {fileID: -4400821110735924729}
  gridPositions:
    activePositions: 000000000000000100
--- !u!114 &897549470331949586
MonoBehaviour:
  m_ObjectHideFlags: 0
  m_CorrespondingSourceObject: {fileID: 0}
  m_PrefabInstance: {fileID: 0}
  m_PrefabAsset: {fileID: 0}
  m_GameObject: {fileID: 0}
  m_Enabled: 1
  m_EditorHideFlags: 0
  m_Script: {fileID: 11500000, guid: 6f5ee04cebc77ab4eb8e9ac4e5e4b5fe, type: 3}
  m_Name: RP_DropDownGridGeneration
  m_EditorClassIdentifier: 
  mainAsset: {fileID: -3835166107436194316}
  foldoutTitle: 
  showRule: 0
  selectedParameter: {fileID: -1197286134663983287}
  selectedParameterIndex: 0
  availableParameterLabels:
  - Based on grid size
  - Based on grid cells
--- !u!114 &1507066206383044166
MonoBehaviour:
  m_ObjectHideFlags: 0
  m_CorrespondingSourceObject: {fileID: 0}
  m_PrefabInstance: {fileID: 0}
  m_PrefabAsset: {fileID: 0}
  m_GameObject: {fileID: 0}
  m_Enabled: 1
  m_EditorHideFlags: 0
  m_Script: {fileID: 11500000, guid: 34d79d25b309c764185f02c4a3efe230, type: 3}
  m_Name: RP_IntManual
  m_EditorClassIdentifier: 
  mainAsset: {fileID: 7738502946910316190}
  foldoutTitle: 
  showRule: 0
  manualSizeValue: 1
--- !u!114 &1831499554025020038
MonoBehaviour:
  m_ObjectHideFlags: 0
  m_CorrespondingSourceObject: {fileID: 0}
  m_PrefabInstance: {fileID: 0}
  m_PrefabAsset: {fileID: 0}
  m_GameObject: {fileID: 0}
  m_Enabled: 1
  m_EditorHideFlags: 0
  m_Script: {fileID: 11500000, guid: 7c95a05cc295f1b4c905004b4fd0ef18, type: 3}
  m_Name: RP_GridableObject
  m_EditorClassIdentifier: 
  mainAsset: {fileID: -95276808160510982}
  foldoutTitle: 
  showRule: 0
  RP_GridableObjectType: {fileID: 6443605030772299183}
  gridPositions:
    activePositions: 000000010000010000
--- !u!114 &2008128998185201932
MonoBehaviour:
  m_ObjectHideFlags: 0
  m_CorrespondingSourceObject: {fileID: 0}
  m_PrefabInstance: {fileID: 0}
  m_PrefabAsset: {fileID: 0}
  m_GameObject: {fileID: 0}
  m_Enabled: 1
  m_EditorHideFlags: 0
  m_Script: {fileID: 11500000, guid: 646d506f1c7b8e04aa14b8c7dca14919, type: 3}
  m_Name: RP_GridGeneration_BasedOnTiles
  m_EditorClassIdentifier: 
  mainAsset: {fileID: -3835166107436194316}
  foldoutTitle: 
  showRule: 0
--- !u!114 &2264263923253236208
MonoBehaviour:
  m_ObjectHideFlags: 0
  m_CorrespondingSourceObject: {fileID: 0}
  m_PrefabInstance: {fileID: 0}
  m_PrefabAsset: {fileID: 0}
  m_GameObject: {fileID: 0}
  m_Enabled: 1
  m_EditorHideFlags: 0
  m_Script: {fileID: 11500000, guid: 09ec78827b3d50242885ac9fe5b79e72, type: 3}
  m_Name: RP_IntRandom
  m_EditorClassIdentifier: 
  mainAsset: {fileID: 7738502946910316190}
  foldoutTitle: 
  showRule: 0
  dropDownIntMin: {fileID: 4154113926670011727}
  dropDownIntMax: {fileID: -5258149609163366408}
  minFoldout: 1
  maxFoldout: 1
  minFoldoutTitle: Minimum Value
  maxFoldoutTitle: Maximum Value
--- !u!114 &2477819160242005015
MonoBehaviour:
  m_ObjectHideFlags: 0
  m_CorrespondingSourceObject: {fileID: 0}
  m_PrefabInstance: {fileID: 0}
  m_PrefabAsset: {fileID: 0}
  m_GameObject: {fileID: 0}
  m_Enabled: 1
  m_EditorHideFlags: 0
  m_Script: {fileID: 11500000, guid: 6511b4a15f20cb146a8fc7074f567048, type: 3}
  m_Name: RP_GridRowsSizes
  m_EditorClassIdentifier: 
  mainAsset: {fileID: 7738502946910316190}
  foldoutTitle: 
  showRule: 0
  RP_GridRow_Heights:
  - {fileID: 7711134379746227616}
  - {fileID: 5403472599589946342}
  - {fileID: 7774309508819700643}
  RP_GridRow_Widths:
  - {fileID: 6301362375773048176}
  - {fileID: -5659748541558316489}
  - {fileID: 8782138501090387416}
  widthsFoldoutTitle: Widths
  showWidths: 1
  heightsFoldoutTitle: Heights
  showHeights: 1
--- !u!114 &3012432687729884511
MonoBehaviour:
  m_ObjectHideFlags: 0
  m_CorrespondingSourceObject: {fileID: 0}
  m_PrefabInstance: {fileID: 0}
  m_PrefabAsset: {fileID: 0}
  m_GameObject: {fileID: 0}
  m_Enabled: 1
  m_EditorHideFlags: 0
  m_Script: {fileID: 11500000, guid: 7c95a05cc295f1b4c905004b4fd0ef18, type: 3}
  m_Name: RP_GridableObject
  m_EditorClassIdentifier: 
  mainAsset: {fileID: -95276808160510982}
  foldoutTitle: 
  showRule: 0
  RP_GridableObjectType: {fileID: 637353111956827741}
  gridPositions:
    activePositions: 000000000001000000
--- !u!114 &3116292715781822498
MonoBehaviour:
  m_ObjectHideFlags: 0
  m_CorrespondingSourceObject: {fileID: 0}
  m_PrefabInstance: {fileID: 0}
  m_PrefabAsset: {fileID: 0}
  m_GameObject: {fileID: 0}
  m_Enabled: 1
  m_EditorHideFlags: 0
  m_Script: {fileID: 11500000, guid: 971dd80cf3da9a747bd88f74650179cd, type: 3}
  m_Name: RP_DropDownInt
  m_EditorClassIdentifier: 
  mainAsset: {fileID: 7738502946910316190}
  foldoutTitle: 
  showRule: 0
  selectedParameter: {fileID: -7479483240480938047}
  selectedParameterIndex: 0
  availableParameterLabels:
  - Manual
  - Based on Parent Size
  - Random Value
--- !u!114 &3519641654774785288
MonoBehaviour:
  m_ObjectHideFlags: 0
  m_CorrespondingSourceObject: {fileID: 0}
  m_PrefabInstance: {fileID: 0}
  m_PrefabAsset: {fileID: 0}
  m_GameObject: {fileID: 0}
  m_Enabled: 1
  m_EditorHideFlags: 0
  m_Script: {fileID: 11500000, guid: 34d79d25b309c764185f02c4a3efe230, type: 3}
  m_Name: RP_IntManual
  m_EditorClassIdentifier: 
  mainAsset: {fileID: 7738502946910316190}
  foldoutTitle: 
  showRule: 0
  manualSizeValue: 1
--- !u!114 &4154113926670011727
MonoBehaviour:
  m_ObjectHideFlags: 0
  m_CorrespondingSourceObject: {fileID: 0}
  m_PrefabInstance: {fileID: 0}
  m_PrefabAsset: {fileID: 0}
  m_GameObject: {fileID: 0}
  m_Enabled: 1
  m_EditorHideFlags: 0
  m_Script: {fileID: 11500000, guid: 971dd80cf3da9a747bd88f74650179cd, type: 3}
  m_Name: RP_DropDownInt
  m_EditorClassIdentifier: 
  mainAsset: {fileID: 7738502946910316190}
  foldoutTitle: 
  showRule: 0
  selectedParameter: {fileID: -4608151212026220274}
  selectedParameterIndex: 0
  availableParameterLabels:
  - Manual
  - Based on Parent Size
  - Random Value
--- !u!114 &5403472599589946342
MonoBehaviour:
  m_ObjectHideFlags: 0
  m_CorrespondingSourceObject: {fileID: 0}
  m_PrefabInstance: {fileID: 0}
  m_PrefabAsset: {fileID: 0}
  m_GameObject: {fileID: 0}
  m_Enabled: 1
  m_EditorHideFlags: 0
  m_Script: {fileID: 11500000, guid: 971dd80cf3da9a747bd88f74650179cd, type: 3}
  m_Name: RP_DropDownInt
  m_EditorClassIdentifier: 
  mainAsset: {fileID: 7738502946910316190}
  foldoutTitle: 
  showRule: 0
  selectedParameter: {fileID: 1507066206383044166}
  selectedParameterIndex: 0
  availableParameterLabels:
  - Manual
  - Based on Parent Size
  - Random Value
--- !u!114 &5631240618050021415
MonoBehaviour:
  m_ObjectHideFlags: 0
  m_CorrespondingSourceObject: {fileID: 0}
  m_PrefabInstance: {fileID: 0}
  m_PrefabAsset: {fileID: 0}
  m_GameObject: {fileID: 0}
  m_Enabled: 1
  m_EditorHideFlags: 0
  m_Script: {fileID: 11500000, guid: 7273bc96d058d614c87288e44b7c11a4, type: 3}
  m_Name: RP_Tile
  m_EditorClassIdentifier: 
  mainAsset: {fileID: 3012432687729884511}
  foldoutTitle: Tile (Rooftop1_26)
  showRule: 1
  tile: {fileID: 11400000, guid: f3af07fa6c93ed44bae777862cc5a985, type: 2}
--- !u!114 &5645631656888230316
MonoBehaviour:
  m_ObjectHideFlags: 0
  m_CorrespondingSourceObject: {fileID: 0}
  m_PrefabInstance: {fileID: 0}
  m_PrefabAsset: {fileID: 0}
  m_GameObject: {fileID: 0}
  m_Enabled: 1
  m_EditorHideFlags: 0
  m_Script: {fileID: 11500000, guid: 7273bc96d058d614c87288e44b7c11a4, type: 3}
  m_Name: RP_Tile
  m_EditorClassIdentifier: 
  mainAsset: {fileID: 1831499554025020038}
  foldoutTitle: Tile (Rooftop1_32)
  showRule: 1
  tile: {fileID: 11400000, guid: a6809a0a641a20546819a42b5cfdb9ff, type: 2}
--- !u!114 &5835082446567492113
MonoBehaviour:
  m_ObjectHideFlags: 0
  m_CorrespondingSourceObject: {fileID: 0}
  m_PrefabInstance: {fileID: 0}
  m_PrefabAsset: {fileID: 0}
  m_GameObject: {fileID: 0}
  m_Enabled: 1
  m_EditorHideFlags: 0
  m_Script: {fileID: 11500000, guid: 971dd80cf3da9a747bd88f74650179cd, type: 3}
  m_Name: RP_DropDownInt
  m_EditorClassIdentifier: 
  mainAsset: {fileID: 7738502946910316190}
  foldoutTitle: 
  showRule: 0
  selectedParameter: {fileID: -1560374920447443108}
  selectedParameterIndex: 0
  availableParameterLabels:
  - Manual
  - Based on Parent Size
  - Random Value
--- !u!114 &5864032523322268674
MonoBehaviour:
  m_ObjectHideFlags: 0
  m_CorrespondingSourceObject: {fileID: 0}
  m_PrefabInstance: {fileID: 0}
  m_PrefabAsset: {fileID: 0}
  m_GameObject: {fileID: 0}
  m_Enabled: 1
  m_EditorHideFlags: 0
  m_Script: {fileID: 11500000, guid: 7c95a05cc295f1b4c905004b4fd0ef18, type: 3}
  m_Name: RP_GridableObject
  m_EditorClassIdentifier: 
  mainAsset: {fileID: -95276808160510982}
  foldoutTitle: 
  showRule: 0
  RP_GridableObjectType: {fileID: -5003294722509748371}
  gridPositions:
    activePositions: 000000000001000001
--- !u!114 &5972565989764082108
MonoBehaviour:
  m_ObjectHideFlags: 0
  m_CorrespondingSourceObject: {fileID: 0}
  m_PrefabInstance: {fileID: 0}
  m_PrefabAsset: {fileID: 0}
  m_GameObject: {fileID: 0}
  m_Enabled: 1
  m_EditorHideFlags: 0
  m_Script: {fileID: 11500000, guid: 34d79d25b309c764185f02c4a3efe230, type: 3}
  m_Name: RP_IntManual
  m_EditorClassIdentifier: 
  mainAsset: {fileID: 7738502946910316190}
  foldoutTitle: 
  showRule: 0
  manualSizeValue: 20
--- !u!114 &6301362375773048176
MonoBehaviour:
  m_ObjectHideFlags: 0
  m_CorrespondingSourceObject: {fileID: 0}
  m_PrefabInstance: {fileID: 0}
  m_PrefabAsset: {fileID: 0}
  m_GameObject: {fileID: 0}
  m_Enabled: 1
  m_EditorHideFlags: 0
  m_Script: {fileID: 11500000, guid: 971dd80cf3da9a747bd88f74650179cd, type: 3}
  m_Name: RP_DropDownInt
  m_EditorClassIdentifier: 
  mainAsset: {fileID: 7738502946910316190}
  foldoutTitle: 
  showRule: 0
  selectedParameter: {fileID: -3904681168636106594}
  selectedParameterIndex: 0
  availableParameterLabels:
  - Manual
  - Based on Parent Size
  - Random Value
--- !u!114 &6317590462641594485
MonoBehaviour:
  m_ObjectHideFlags: 0
  m_CorrespondingSourceObject: {fileID: 0}
  m_PrefabInstance: {fileID: 0}
  m_PrefabAsset: {fileID: 0}
  m_GameObject: {fileID: 0}
  m_Enabled: 1
  m_EditorHideFlags: 0
  m_Script: {fileID: 11500000, guid: 34d79d25b309c764185f02c4a3efe230, type: 3}
  m_Name: RP_IntManual
  m_EditorClassIdentifier: 
  mainAsset: {fileID: 7738502946910316190}
  foldoutTitle: 
  showRule: 0
  manualSizeValue: 1
--- !u!114 &6443605030772299183
MonoBehaviour:
  m_ObjectHideFlags: 0
  m_CorrespondingSourceObject: {fileID: 0}
  m_PrefabInstance: {fileID: 0}
  m_PrefabAsset: {fileID: 0}
  m_GameObject: {fileID: 0}
  m_Enabled: 1
  m_EditorHideFlags: 0
  m_Script: {fileID: 11500000, guid: 0eacd92d67158d745acc67660d52e6f1, type: 3}
  m_Name: RP_DropDownGridItemType
  m_EditorClassIdentifier: 
  mainAsset: {fileID: 1831499554025020038}
  foldoutTitle: 
  showRule: 0
  selectedParameter: {fileID: 5645631656888230316}
  selectedParameterIndex: 0
  availableParameterLabels:
  - Simple Tile
  - Tiled Object
--- !u!114 &7093046012133235054
MonoBehaviour:
  m_ObjectHideFlags: 0
  m_CorrespondingSourceObject: {fileID: 0}
  m_PrefabInstance: {fileID: 0}
  m_PrefabAsset: {fileID: 0}
  m_GameObject: {fileID: 0}
  m_Enabled: 1
  m_EditorHideFlags: 0
  m_Script: {fileID: 11500000, guid: 0eacd92d67158d745acc67660d52e6f1, type: 3}
  m_Name: RP_DropDownGridItemType
  m_EditorClassIdentifier: 
  mainAsset: {fileID: -4188302882761581585}
  foldoutTitle: 
  showRule: 0
  selectedParameter: {fileID: -6632367013017466506}
  selectedParameterIndex: 0
  availableParameterLabels:
  - Simple Tile
  - Tiled Object
--- !u!114 &7323149505389242322
MonoBehaviour:
  m_ObjectHideFlags: 0
  m_CorrespondingSourceObject: {fileID: 0}
  m_PrefabInstance: {fileID: 0}
  m_PrefabAsset: {fileID: 0}
  m_GameObject: {fileID: 0}
  m_Enabled: 1
  m_EditorHideFlags: 0
  m_Script: {fileID: 11500000, guid: 971dd80cf3da9a747bd88f74650179cd, type: 3}
  m_Name: RP_DropDownInt
  m_EditorClassIdentifier: 
  mainAsset: {fileID: 7738502946910316190}
  foldoutTitle: 
  showRule: 0
  selectedParameter: {fileID: -358629827053843375}
  selectedParameterIndex: 2
  availableParameterLabels:
  - Manual
  - Based on Parent Size
  - Random Value
--- !u!114 &7391442935249783852
MonoBehaviour:
  m_ObjectHideFlags: 0
  m_CorrespondingSourceObject: {fileID: 0}
  m_PrefabInstance: {fileID: 0}
  m_PrefabAsset: {fileID: 0}
  m_GameObject: {fileID: 0}
  m_Enabled: 1
  m_EditorHideFlags: 0
  m_Script: {fileID: 11500000, guid: 7273bc96d058d614c87288e44b7c11a4, type: 3}
  m_Name: RP_Tile
  m_EditorClassIdentifier: 
  mainAsset: {fileID: -5156768188491408772}
  foldoutTitle: Tile (Rooftop1_30)
  showRule: 1
  tile: {fileID: 11400000, guid: ed74ff57debd0414b8bf3ef6f6513a5b, type: 2}
--- !u!114 &7497268251360830718
MonoBehaviour:
  m_ObjectHideFlags: 0
  m_CorrespondingSourceObject: {fileID: 0}
  m_PrefabInstance: {fileID: 0}
  m_PrefabAsset: {fileID: 0}
  m_GameObject: {fileID: 0}
  m_Enabled: 1
  m_EditorHideFlags: 0
  m_Script: {fileID: 11500000, guid: 7c95a05cc295f1b4c905004b4fd0ef18, type: 3}
  m_Name: RP_GridableObject
  m_EditorClassIdentifier: 
  mainAsset: {fileID: -95276808160510982}
  foldoutTitle: 
  showRule: 0
  RP_GridableObjectType: {fileID: 9139635798026349435}
  gridPositions:
    activePositions: 000100000000000000
--- !u!114 &7711134379746227616
MonoBehaviour:
  m_ObjectHideFlags: 0
  m_CorrespondingSourceObject: {fileID: 0}
  m_PrefabInstance: {fileID: 0}
  m_PrefabAsset: {fileID: 0}
  m_GameObject: {fileID: 0}
  m_Enabled: 1
  m_EditorHideFlags: 0
  m_Script: {fileID: 11500000, guid: 971dd80cf3da9a747bd88f74650179cd, type: 3}
  m_Name: RP_DropDownInt
  m_EditorClassIdentifier: 
  mainAsset: {fileID: 7738502946910316190}
  foldoutTitle: 
  showRule: 0
  selectedParameter: {fileID: 3519641654774785288}
  selectedParameterIndex: 0
  availableParameterLabels:
  - Manual
  - Based on Parent Size
  - Random Value
--- !u!114 &7738502946910316190
MonoBehaviour:
  m_ObjectHideFlags: 0
  m_CorrespondingSourceObject: {fileID: 0}
  m_PrefabInstance: {fileID: 0}
  m_PrefabAsset: {fileID: 0}
  m_GameObject: {fileID: 0}
  m_Enabled: 1
  m_EditorHideFlags: 0
  m_Script: {fileID: 11500000, guid: 241da61bc3f561b458550b0dee031840, type: 3}
  m_Name: RP_GridLimits
  m_EditorClassIdentifier: 
  mainAsset: {fileID: -3835166107436194316}
  foldoutTitle: 
  showRule: 1
  RP_GridSize_TilesX: {fileID: -1528503105622427275}
  RP_GridSize_TilesY: {fileID: 5835082446567492113}
  RP_GridSize_CellsX: {fileID: 7323149505389242322}
  RP_GridSize_CellsY: {fileID: 645058399978117165}
  RP_GridRows_Sizes: {fileID: 2477819160242005015}
  gridLimits:
    gridSize_Tiles_Minimal: {x: 1, y: 1}
    gridSize_Tiles_Maximal: {x: 1, y: 1}
    gridSize_Cells_Minimal: {x: 1, y: 1}
    gridSize_Cells_Maximal: {x: 20, y: 20}
    rowSizes_Tiles_Minimal:
      heights: 010000000100000001000000
      widths: 010000000100000001000000
    rowSizes_Tiles_Maximal:
      heights: 010000000100000001000000
      widths: 010000000100000001000000
--- !u!114 &7774309508819700643
MonoBehaviour:
  m_ObjectHideFlags: 0
  m_CorrespondingSourceObject: {fileID: 0}
  m_PrefabInstance: {fileID: 0}
  m_PrefabAsset: {fileID: 0}
  m_GameObject: {fileID: 0}
  m_Enabled: 1
  m_EditorHideFlags: 0
  m_Script: {fileID: 11500000, guid: 971dd80cf3da9a747bd88f74650179cd, type: 3}
  m_Name: RP_DropDownInt
  m_EditorClassIdentifier: 
  mainAsset: {fileID: 7738502946910316190}
  foldoutTitle: 
  showRule: 0
  selectedParameter: {fileID: -5413712463781847990}
  selectedParameterIndex: 0
  availableParameterLabels:
  - Manual
  - Based on Parent Size
  - Random Value
--- !u!114 &8017228257403139129
MonoBehaviour:
  m_ObjectHideFlags: 0
  m_CorrespondingSourceObject: {fileID: 0}
  m_PrefabInstance: {fileID: 0}
  m_PrefabAsset: {fileID: 0}
  m_GameObject: {fileID: 0}
  m_Enabled: 1
  m_EditorHideFlags: 0
  m_Script: {fileID: 11500000, guid: 7c95a05cc295f1b4c905004b4fd0ef18, type: 3}
  m_Name: RP_GridableObject
  m_EditorClassIdentifier: 
  mainAsset: {fileID: -95276808160510982}
  foldoutTitle: 
  showRule: 0
  RP_GridableObjectType: {fileID: -7335430290343096886}
  gridPositions:
    activePositions: 010000000000000000
--- !u!114 &8069711844984625845
MonoBehaviour:
  m_ObjectHideFlags: 0
  m_CorrespondingSourceObject: {fileID: 0}
  m_PrefabInstance: {fileID: 0}
  m_PrefabAsset: {fileID: 0}
  m_GameObject: {fileID: 0}
  m_Enabled: 1
  m_EditorHideFlags: 0
  m_Script: {fileID: 11500000, guid: 7273bc96d058d614c87288e44b7c11a4, type: 3}
  m_Name: RP_Tile
  m_EditorClassIdentifier: 
  mainAsset: {fileID: -8651940537264597145}
  foldoutTitle: Tile (Rooftop1_21)
  showRule: 1
  tile: {fileID: 11400000, guid: 2d178758a13c6a44787341fc96b8d5de, type: 2}
--- !u!114 &8782138501090387416
MonoBehaviour:
  m_ObjectHideFlags: 0
  m_CorrespondingSourceObject: {fileID: 0}
  m_PrefabInstance: {fileID: 0}
  m_PrefabAsset: {fileID: 0}
  m_GameObject: {fileID: 0}
  m_Enabled: 1
  m_EditorHideFlags: 0
  m_Script: {fileID: 11500000, guid: 971dd80cf3da9a747bd88f74650179cd, type: 3}
  m_Name: RP_DropDownInt
  m_EditorClassIdentifier: 
  mainAsset: {fileID: 7738502946910316190}
  foldoutTitle: 
  showRule: 0
  selectedParameter: {fileID: -5591872236260654748}
  selectedParameterIndex: 0
  availableParameterLabels:
  - Manual
  - Based on Parent Size
  - Random Value
--- !u!114 &9139635798026349435
MonoBehaviour:
  m_ObjectHideFlags: 0
  m_CorrespondingSourceObject: {fileID: 0}
  m_PrefabInstance: {fileID: 0}
  m_PrefabAsset: {fileID: 0}
  m_GameObject: {fileID: 0}
  m_Enabled: 1
  m_EditorHideFlags: 0
  m_Script: {fileID: 11500000, guid: 0eacd92d67158d745acc67660d52e6f1, type: 3}
  m_Name: RP_DropDownGridItemType
  m_EditorClassIdentifier: 
  mainAsset: {fileID: 7497268251360830718}
  foldoutTitle: 
  showRule: 0
  selectedParameter: {fileID: -2093469353497188379}
  selectedParameterIndex: 0
  availableParameterLabels:
  - Simple Tile
  - Tiled Object
