%YAML 1.1
%TAG !u! tag:unity3d.com,2011:
--- !u!114 &-8991343763844086330
MonoBehaviour:
  m_ObjectHideFlags: 0
  m_CorrespondingSourceObject: {fileID: 0}
  m_PrefabInstance: {fileID: 0}
  m_PrefabAsset: {fileID: 0}
  m_GameObject: {fileID: 0}
  m_Enabled: 1
  m_EditorHideFlags: 0
  m_Script: {fileID: 11500000, guid: 34d79d25b309c764185f02c4a3efe230, type: 3}
  m_Name: RP_IntManual
  m_EditorClassIdentifier: 
  mainAsset: {fileID: -2233578878442912070}
  foldoutTitle: 
  showRule: 0
  manualSizeValue: 0
--- !u!114 &-8369559654990189633
MonoBehaviour:
  m_ObjectHideFlags: 0
  m_CorrespondingSourceObject: {fileID: 0}
  m_PrefabInstance: {fileID: 0}
  m_PrefabAsset: {fileID: 0}
  m_GameObject: {fileID: 0}
  m_Enabled: 1
  m_EditorHideFlags: 0
  m_Script: {fileID: 11500000, guid: 971dd80cf3da9a747bd88f74650179cd, type: 3}
  m_Name: RP_DropDownInt
  m_EditorClassIdentifier: 
  mainAsset: {fileID: -1017395686228568770}
  foldoutTitle: 
  showRule: 0
  selectedParameter: {fileID: 3335765845413995080}
  selectedParameterIndex: 1
  availableParameterLabels:
  - Manual
  - Based on Parent Size
  - Random Value
--- !u!114 &-8234062183320925288
MonoBehaviour:
  m_ObjectHideFlags: 0
  m_CorrespondingSourceObject: {fileID: 0}
  m_PrefabInstance: {fileID: 0}
  m_PrefabAsset: {fileID: 0}
  m_GameObject: {fileID: 0}
  m_Enabled: 1
  m_EditorHideFlags: 0
  m_Script: {fileID: 11500000, guid: 7273bc96d058d614c87288e44b7c11a4, type: 3}
  m_Name: RP_Tile
  m_EditorClassIdentifier: 
  mainAsset: {fileID: 9145935729489948280}
  foldoutTitle: Tile (BigWindowsHouse_1)
  showRule: 0
  tile: {fileID: 11400000, guid: 4ab8c5984984eb743bf5c071c421316f, type: 2}
--- !u!114 &-8219859238747491103
MonoBehaviour:
  m_ObjectHideFlags: 0
  m_CorrespondingSourceObject: {fileID: 0}
  m_PrefabInstance: {fileID: 0}
  m_PrefabAsset: {fileID: 0}
  m_GameObject: {fileID: 0}
  m_Enabled: 1
  m_EditorHideFlags: 0
  m_Script: {fileID: 11500000, guid: 34d79d25b309c764185f02c4a3efe230, type: 3}
  m_Name: RP_IntManual
  m_EditorClassIdentifier: 
  mainAsset: {fileID: -433052704304772172}
  foldoutTitle: 
  showRule: 0
  manualSizeValue: 0
--- !u!114 &-8043173953535195068
MonoBehaviour:
  m_ObjectHideFlags: 0
  m_CorrespondingSourceObject: {fileID: 0}
  m_PrefabInstance: {fileID: 0}
  m_PrefabAsset: {fileID: 0}
  m_GameObject: {fileID: 0}
  m_Enabled: 1
  m_EditorHideFlags: 0
  m_Script: {fileID: 11500000, guid: 971dd80cf3da9a747bd88f74650179cd, type: 3}
  m_Name: RP_DropDownInt
  m_EditorClassIdentifier: 
  mainAsset: {fileID: 6386821639092166180}
  foldoutTitle: 
  showRule: 0
  selectedParameter: {fileID: -4782254891217716767}
  selectedParameterIndex: 0
  availableParameterLabels:
  - Manual
  - Based on Parent Size
  - Random Value
--- !u!114 &-8037770776791392379
MonoBehaviour:
  m_ObjectHideFlags: 0
  m_CorrespondingSourceObject: {fileID: 0}
  m_PrefabInstance: {fileID: 0}
  m_PrefabAsset: {fileID: 0}
  m_GameObject: {fileID: 0}
  m_Enabled: 1
  m_EditorHideFlags: 0
  m_Script: {fileID: 11500000, guid: eef1385713c22fa43bc7fd756e997cff, type: 3}
  m_Name: RP_ModifyIntMinusTwoBorders
  m_EditorClassIdentifier: 
  mainAsset: {fileID: -887599721564277476}
  foldoutTitle: 
  showRule: 0
--- !u!114 &-7899719149752982300
MonoBehaviour:
  m_ObjectHideFlags: 0
  m_CorrespondingSourceObject: {fileID: 0}
  m_PrefabInstance: {fileID: 0}
  m_PrefabAsset: {fileID: 0}
  m_GameObject: {fileID: 0}
  m_Enabled: 1
  m_EditorHideFlags: 0
  m_Script: {fileID: 11500000, guid: 34d79d25b309c764185f02c4a3efe230, type: 3}
  m_Name: RP_IntManual
  m_EditorClassIdentifier: 
  mainAsset: {fileID: -3853620046600024111}
  foldoutTitle: 
  showRule: 0
  manualSizeValue: 0
--- !u!114 &-7863909466862162801
MonoBehaviour:
  m_ObjectHideFlags: 0
  m_CorrespondingSourceObject: {fileID: 0}
  m_PrefabInstance: {fileID: 0}
  m_PrefabAsset: {fileID: 0}
  m_GameObject: {fileID: 0}
  m_Enabled: 1
  m_EditorHideFlags: 0
  m_Script: {fileID: 11500000, guid: 971dd80cf3da9a747bd88f74650179cd, type: 3}
  m_Name: RP_DropDownInt
  m_EditorClassIdentifier: 
  mainAsset: {fileID: 1829140284875515068}
  foldoutTitle: 
  showRule: 0
  selectedParameter: {fileID: 4850281904252916333}
  selectedParameterIndex: 1
  availableParameterLabels:
  - Manual
  - Based on Parent Size
  - Random Value
--- !u!114 &-7828182700130307201
MonoBehaviour:
  m_ObjectHideFlags: 0
  m_CorrespondingSourceObject: {fileID: 0}
  m_PrefabInstance: {fileID: 0}
  m_PrefabAsset: {fileID: 0}
  m_GameObject: {fileID: 0}
  m_Enabled: 1
  m_EditorHideFlags: 0
  m_Script: {fileID: 11500000, guid: 971dd80cf3da9a747bd88f74650179cd, type: 3}
  m_Name: RP_DropDownInt
  m_EditorClassIdentifier: 
  mainAsset: {fileID: 3250769021675264773}
  foldoutTitle: 
  showRule: 0
  selectedParameter: {fileID: -7489953059210706471}
  selectedParameterIndex: 1
  availableParameterLabels:
  - Manual
  - Based on Parent Size
  - Random Value
--- !u!114 &-7821266139812342976
MonoBehaviour:
  m_ObjectHideFlags: 0
  m_CorrespondingSourceObject: {fileID: 0}
  m_PrefabInstance: {fileID: 0}
  m_PrefabAsset: {fileID: 0}
  m_GameObject: {fileID: 0}
  m_Enabled: 1
  m_EditorHideFlags: 0
  m_Script: {fileID: 11500000, guid: 971dd80cf3da9a747bd88f74650179cd, type: 3}
  m_Name: RP_DropDownInt
  m_EditorClassIdentifier: 
  mainAsset: {fileID: -2233578878442912070}
  foldoutTitle: 
  showRule: 0
  selectedParameter: {fileID: -8991343763844086330}
  selectedParameterIndex: 0
  availableParameterLabels:
  - Manual
  - Based on Parent Size
  - Random Value
--- !u!114 &-7605501633688913869
MonoBehaviour:
  m_ObjectHideFlags: 0
  m_CorrespondingSourceObject: {fileID: 0}
  m_PrefabInstance: {fileID: 0}
  m_PrefabAsset: {fileID: 0}
  m_GameObject: {fileID: 0}
  m_Enabled: 1
  m_EditorHideFlags: 0
  m_Script: {fileID: 11500000, guid: 971dd80cf3da9a747bd88f74650179cd, type: 3}
  m_Name: RP_DropDownInt
  m_EditorClassIdentifier: 
  mainAsset: {fileID: -5603866261575325628}
  foldoutTitle: 
  showRule: 0
  selectedParameter: {fileID: 1925111811999224147}
  selectedParameterIndex: 0
  availableParameterLabels:
  - Manual
  - Based on Parent Size
  - Random Value
--- !u!114 &-7489953059210706471
MonoBehaviour:
  m_ObjectHideFlags: 0
  m_CorrespondingSourceObject: {fileID: 0}
  m_PrefabInstance: {fileID: 0}
  m_PrefabAsset: {fileID: 0}
  m_GameObject: {fileID: 0}
  m_Enabled: 1
  m_EditorHideFlags: 0
  m_Script: {fileID: 11500000, guid: 416f481261118f545aed27df47b94c56, type: 3}
  m_Name: RP_IntBasedOnParentValues
  m_EditorClassIdentifier: 
  mainAsset: {fileID: 3250769021675264773}
  foldoutTitle: 
  showRule: 0
  parentSizeOptions: {fileID: -1558569079731582068}
  borderOptions: {fileID: -6198051212819107356}
--- !u!114 &-7278844552073667395
MonoBehaviour:
  m_ObjectHideFlags: 0
  m_CorrespondingSourceObject: {fileID: 0}
  m_PrefabInstance: {fileID: 0}
  m_PrefabAsset: {fileID: 0}
  m_GameObject: {fileID: 0}
  m_Enabled: 1
  m_EditorHideFlags: 0
  m_Script: {fileID: 11500000, guid: 971dd80cf3da9a747bd88f74650179cd, type: 3}
  m_Name: RP_DropDownInt
  m_EditorClassIdentifier: 
  mainAsset: {fileID: 6386821639092166180}
  foldoutTitle: 
  showRule: 0
  selectedParameter: {fileID: 7884274101987559802}
  selectedParameterIndex: 0
  availableParameterLabels:
  - Manual
  - Based on Parent Size
  - Random Value
--- !u!114 &-6777334465929204276
MonoBehaviour:
  m_ObjectHideFlags: 0
  m_CorrespondingSourceObject: {fileID: 0}
  m_PrefabInstance: {fileID: 0}
  m_PrefabAsset: {fileID: 0}
  m_GameObject: {fileID: 0}
  m_Enabled: 1
  m_EditorHideFlags: 0
  m_Script: {fileID: 11500000, guid: 7273bc96d058d614c87288e44b7c11a4, type: 3}
  m_Name: RP_Tile
  m_EditorClassIdentifier: 
  mainAsset: {fileID: -2336324341650939006}
  foldoutTitle: Tile (BigWindowsHouse_12)
  showRule: 1
  tile: {fileID: 11400000, guid: 93c9563d3ab588a48a7f31f04fbea5c4, type: 2}
--- !u!114 &-6464474431949996094
MonoBehaviour:
  m_ObjectHideFlags: 0
  m_CorrespondingSourceObject: {fileID: 0}
  m_PrefabInstance: {fileID: 0}
  m_PrefabAsset: {fileID: 0}
  m_GameObject: {fileID: 0}
  m_Enabled: 1
  m_EditorHideFlags: 0
  m_Script: {fileID: 11500000, guid: 971dd80cf3da9a747bd88f74650179cd, type: 3}
  m_Name: RP_DropDownInt
  m_EditorClassIdentifier: 
  mainAsset: {fileID: 4522083199085462057}
  foldoutTitle: 
  showRule: 0
  selectedParameter: {fileID: 2129655400083294389}
  selectedParameterIndex: 0
  availableParameterLabels:
  - Manual
  - Based on Parent Size
  - Random Value
--- !u!114 &-6271685380697185927
MonoBehaviour:
  m_ObjectHideFlags: 0
  m_CorrespondingSourceObject: {fileID: 0}
  m_PrefabInstance: {fileID: 0}
  m_PrefabAsset: {fileID: 0}
  m_GameObject: {fileID: 0}
  m_Enabled: 1
  m_EditorHideFlags: 0
  m_Script: {fileID: 11500000, guid: eef1385713c22fa43bc7fd756e997cff, type: 3}
  m_Name: RP_ModifyIntMinusTwoBorders
  m_EditorClassIdentifier: 
  mainAsset: {fileID: 3250769021675264773}
  foldoutTitle: 
  showRule: 0
--- !u!114 &-6198051212819107356
MonoBehaviour:
  m_ObjectHideFlags: 0
  m_CorrespondingSourceObject: {fileID: 0}
  m_PrefabInstance: {fileID: 0}
  m_PrefabAsset: {fileID: 0}
  m_GameObject: {fileID: 0}
  m_Enabled: 1
  m_EditorHideFlags: 0
  m_Script: {fileID: 11500000, guid: ef71f21978ce67042aad5e631d67ba53, type: 3}
  m_Name: RP_DropDownIncludedBorders
  m_EditorClassIdentifier: 
  mainAsset: {fileID: 3250769021675264773}
  foldoutTitle: 
  showRule: 0
  selectedParameter: {fileID: -6271685380697185927}
  selectedParameterIndex: 2
  availableParameterLabels:
  - Include Borders
  - Minus One Border
  - Minus Two Border
--- !u!114 &-6122617644129300370
MonoBehaviour:
  m_ObjectHideFlags: 0
  m_CorrespondingSourceObject: {fileID: 0}
  m_PrefabInstance: {fileID: 0}
  m_PrefabAsset: {fileID: 0}
  m_GameObject: {fileID: 0}
  m_Enabled: 1
  m_EditorHideFlags: 0
  m_Script: {fileID: 11500000, guid: 416f481261118f545aed27df47b94c56, type: 3}
  m_Name: RP_IntBasedOnParentValues
  m_EditorClassIdentifier: 
  mainAsset: {fileID: 1829140284875515068}
  foldoutTitle: 
  showRule: 0
  parentSizeOptions: {fileID: 1270584831765106321}
  borderOptions: {fileID: -4026745792895670465}
--- !u!114 &-6070257716883579262
MonoBehaviour:
  m_ObjectHideFlags: 0
  m_CorrespondingSourceObject: {fileID: 0}
  m_PrefabInstance: {fileID: 0}
  m_PrefabAsset: {fileID: 0}
  m_GameObject: {fileID: 0}
  m_Enabled: 1
  m_EditorHideFlags: 0
  m_Script: {fileID: 11500000, guid: 34d79d25b309c764185f02c4a3efe230, type: 3}
  m_Name: RP_IntManual
  m_EditorClassIdentifier: 
  mainAsset: {fileID: 5592947484707625606}
  foldoutTitle: 
  showRule: 0
  manualSizeValue: 0
--- !u!114 &-5733346363568893597
MonoBehaviour:
  m_ObjectHideFlags: 0
  m_CorrespondingSourceObject: {fileID: 0}
  m_PrefabInstance: {fileID: 0}
  m_PrefabAsset: {fileID: 0}
  m_GameObject: {fileID: 0}
  m_Enabled: 1
  m_EditorHideFlags: 0
  m_Script: {fileID: 11500000, guid: 971dd80cf3da9a747bd88f74650179cd, type: 3}
  m_Name: RP_DropDownInt
  m_EditorClassIdentifier: 
  mainAsset: {fileID: 5592947484707625606}
  foldoutTitle: 
  showRule: 0
  selectedParameter: {fileID: -6070257716883579262}
  selectedParameterIndex: 0
  availableParameterLabels:
  - Manual
  - Based on Parent Size
  - Random Value
--- !u!114 &-5610357612983590893
MonoBehaviour:
  m_ObjectHideFlags: 0
  m_CorrespondingSourceObject: {fileID: 0}
  m_PrefabInstance: {fileID: 0}
  m_PrefabAsset: {fileID: 0}
  m_GameObject: {fileID: 0}
  m_Enabled: 1
  m_EditorHideFlags: 0
  m_Script: {fileID: 11500000, guid: 971dd80cf3da9a747bd88f74650179cd, type: 3}
  m_Name: RP_DropDownInt
  m_EditorClassIdentifier: 
  mainAsset: {fileID: -3853620046600024111}
  foldoutTitle: 
  showRule: 0
  selectedParameter: {fileID: -7899719149752982300}
  selectedParameterIndex: 0
  availableParameterLabels:
  - Manual
  - Based on Parent Size
  - Random Value
--- !u!114 &-5603866261575325628
MonoBehaviour:
  m_ObjectHideFlags: 0
  m_CorrespondingSourceObject: {fileID: 0}
  m_PrefabInstance: {fileID: 0}
  m_PrefabAsset: {fileID: 0}
  m_GameObject: {fileID: 0}
  m_Enabled: 1
  m_EditorHideFlags: 0
  m_Script: {fileID: 11500000, guid: dfffb087b26b8fd4a9c6bf6328281204, type: 3}
  m_Name: TOR_Modify_PositionRelative
  m_EditorClassIdentifier: 
  positionX: {fileID: -7605501633688913869}
  positionY: {fileID: 4190601181345559505}
  position: 8
--- !u!114 &-5469619544089157686
MonoBehaviour:
  m_ObjectHideFlags: 0
  m_CorrespondingSourceObject: {fileID: 0}
  m_PrefabInstance: {fileID: 0}
  m_PrefabAsset: {fileID: 0}
  m_GameObject: {fileID: 0}
  m_Enabled: 1
  m_EditorHideFlags: 0
  m_Script: {fileID: 11500000, guid: 7273bc96d058d614c87288e44b7c11a4, type: 3}
  m_Name: RP_Tile
  m_EditorClassIdentifier: 
  mainAsset: {fileID: -5225658279231896579}
  foldoutTitle: Tile (BigWindowsHouse_13)
  showRule: 0
  tile: {fileID: 11400000, guid: 07da6bc4191b9c240b2f1a7146162b7c, type: 2}
--- !u!114 &-5460223806673401647
MonoBehaviour:
  m_ObjectHideFlags: 0
  m_CorrespondingSourceObject: {fileID: 0}
  m_PrefabInstance: {fileID: 0}
  m_PrefabAsset: {fileID: 0}
  m_GameObject: {fileID: 0}
  m_Enabled: 1
  m_EditorHideFlags: 0
  m_Script: {fileID: 11500000, guid: 971dd80cf3da9a747bd88f74650179cd, type: 3}
  m_Name: RP_DropDownInt
  m_EditorClassIdentifier: 
  mainAsset: {fileID: -1017395686228568770}
  foldoutTitle: 
  showRule: 0
  selectedParameter: {fileID: -3459755351915702563}
  selectedParameterIndex: 0
  availableParameterLabels:
  - Manual
  - Based on Parent Size
  - Random Value
--- !u!114 &-5451906551415722022
MonoBehaviour:
  m_ObjectHideFlags: 0
  m_CorrespondingSourceObject: {fileID: 0}
  m_PrefabInstance: {fileID: 0}
  m_PrefabAsset: {fileID: 0}
  m_GameObject: {fileID: 0}
  m_Enabled: 1
  m_EditorHideFlags: 0
  m_Script: {fileID: 11500000, guid: 34d79d25b309c764185f02c4a3efe230, type: 3}
  m_Name: RP_IntManual
  m_EditorClassIdentifier: 
  mainAsset: {fileID: 3250769021675264773}
  foldoutTitle: 
  showRule: 0
  manualSizeValue: 1
--- !u!114 &-5243359486551047479
MonoBehaviour:
  m_ObjectHideFlags: 0
  m_CorrespondingSourceObject: {fileID: 0}
  m_PrefabInstance: {fileID: 0}
  m_PrefabAsset: {fileID: 0}
  m_GameObject: {fileID: 0}
  m_Enabled: 1
  m_EditorHideFlags: 0
  m_Script: {fileID: 11500000, guid: 34d79d25b309c764185f02c4a3efe230, type: 3}
  m_Name: RP_IntManual
  m_EditorClassIdentifier: 
  mainAsset: {fileID: -3853620046600024111}
  foldoutTitle: 
  showRule: 0
  manualSizeValue: 0
--- !u!114 &-5225658279231896579
MonoBehaviour:
  m_ObjectHideFlags: 0
  m_CorrespondingSourceObject: {fileID: 0}
  m_PrefabInstance: {fileID: 0}
  m_PrefabAsset: {fileID: 0}
  m_GameObject: {fileID: 0}
  m_Enabled: 1
  m_EditorHideFlags: 0
  m_Script: {fileID: 11500000, guid: 876d9480b79b689419d981104632fec2, type: 3}
  m_Name: TOR_Add_Tile
  m_EditorClassIdentifier: 
  rp_rule: {fileID: 6743574552164693782}
  rp_tile: {fileID: -5469619544089157686}
--- !u!114 &-5001829905223624253
MonoBehaviour:
  m_ObjectHideFlags: 0
  m_CorrespondingSourceObject: {fileID: 0}
  m_PrefabInstance: {fileID: 0}
  m_PrefabAsset: {fileID: 0}
  m_GameObject: {fileID: 0}
  m_Enabled: 1
  m_EditorHideFlags: 0
  m_Script: {fileID: 11500000, guid: 416f481261118f545aed27df47b94c56, type: 3}
  m_Name: RP_IntBasedOnParentValues
  m_EditorClassIdentifier: 
  mainAsset: {fileID: -3317442127980446634}
  foldoutTitle: 
  showRule: 0
  parentSizeOptions: {fileID: -1506187378317402454}
  borderOptions: {fileID: 6076545641970543737}
--- !u!114 &-4877102729790089356
MonoBehaviour:
  m_ObjectHideFlags: 0
  m_CorrespondingSourceObject: {fileID: 0}
  m_PrefabInstance: {fileID: 0}
  m_PrefabAsset: {fileID: 0}
  m_GameObject: {fileID: 0}
  m_Enabled: 1
  m_EditorHideFlags: 0
  m_Script: {fileID: 11500000, guid: 838b2f4c47b45274483065ec275c52ad, type: 3}
  m_Name: RP_RulesList
  m_EditorClassIdentifier: 
  mainAsset: {fileID: 6489556819352202742}
  foldoutTitle: Rules (1)
  showRule: 1
  rules:
  - {fileID: -5603866261575325628}
  foldouts: 01
--- !u!114 &-4872838881276339228
MonoBehaviour:
  m_ObjectHideFlags: 0
  m_CorrespondingSourceObject: {fileID: 0}
  m_PrefabInstance: {fileID: 0}
  m_PrefabAsset: {fileID: 0}
  m_GameObject: {fileID: 0}
  m_Enabled: 1
  m_EditorHideFlags: 0
  m_Script: {fileID: 11500000, guid: 838b2f4c47b45274483065ec275c52ad, type: 3}
  m_Name: RP_RulesList
  m_EditorClassIdentifier: 
  mainAsset: {fileID: -489583357523785333}
  foldoutTitle: Rules (2)
  showRule: 0
  rules:
  - {fileID: 3250769021675264773}
  - {fileID: 3219953460799324875}
  foldouts: 0101
--- !u!114 &-4782254891217716767
MonoBehaviour:
  m_ObjectHideFlags: 0
  m_CorrespondingSourceObject: {fileID: 0}
  m_PrefabInstance: {fileID: 0}
  m_PrefabAsset: {fileID: 0}
  m_GameObject: {fileID: 0}
  m_Enabled: 1
  m_EditorHideFlags: 0
  m_Script: {fileID: 11500000, guid: 34d79d25b309c764185f02c4a3efe230, type: 3}
  m_Name: RP_IntManual
  m_EditorClassIdentifier: 
  mainAsset: {fileID: 6386821639092166180}
  foldoutTitle: 
  showRule: 0
  manualSizeValue: 0
--- !u!114 &-4701893604869533931
MonoBehaviour:
  m_ObjectHideFlags: 0
  m_CorrespondingSourceObject: {fileID: 0}
  m_PrefabInstance: {fileID: 0}
  m_PrefabAsset: {fileID: 0}
  m_GameObject: {fileID: 0}
  m_Enabled: 1
  m_EditorHideFlags: 0
  m_Script: {fileID: 11500000, guid: 7273bc96d058d614c87288e44b7c11a4, type: 3}
  m_Name: RP_Tile
  m_EditorClassIdentifier: 
  mainAsset: {fileID: 3477582974876196960}
  foldoutTitle: Tile (BigWindowsHouse_7)
  showRule: 0
  tile: {fileID: 11400000, guid: 7e9352bea3ab79045af5aa575a2aabb2, type: 2}
--- !u!114 &-4338484415127617432
MonoBehaviour:
  m_ObjectHideFlags: 0
  m_CorrespondingSourceObject: {fileID: 0}
  m_PrefabInstance: {fileID: 0}
  m_PrefabAsset: {fileID: 0}
  m_GameObject: {fileID: 0}
  m_Enabled: 1
  m_EditorHideFlags: 0
  m_Script: {fileID: 11500000, guid: 34d79d25b309c764185f02c4a3efe230, type: 3}
  m_Name: RP_IntManual
  m_EditorClassIdentifier: 
  mainAsset: {fileID: 5592947484707625606}
  foldoutTitle: 
  showRule: 0
  manualSizeValue: 0
--- !u!114 &-4156773294901171811
MonoBehaviour:
  m_ObjectHideFlags: 0
  m_CorrespondingSourceObject: {fileID: 0}
  m_PrefabInstance: {fileID: 0}
  m_PrefabAsset: {fileID: 0}
  m_GameObject: {fileID: 0}
  m_Enabled: 1
  m_EditorHideFlags: 0
  m_Script: {fileID: 11500000, guid: 971dd80cf3da9a747bd88f74650179cd, type: 3}
  m_Name: RP_DropDownInt
  m_EditorClassIdentifier: 
  mainAsset: {fileID: 485740778999439494}
  foldoutTitle: 
  showRule: 0
  selectedParameter: {fileID: 4446411457540816275}
  selectedParameterIndex: 0
  availableParameterLabels:
  - Manual
  - Based on Parent Size
  - Random Value
--- !u!114 &-4068471517014356706
MonoBehaviour:
  m_ObjectHideFlags: 0
  m_CorrespondingSourceObject: {fileID: 0}
  m_PrefabInstance: {fileID: 0}
  m_PrefabAsset: {fileID: 0}
  m_GameObject: {fileID: 0}
  m_Enabled: 1
  m_EditorHideFlags: 0
  m_Script: {fileID: 11500000, guid: 34d79d25b309c764185f02c4a3efe230, type: 3}
  m_Name: RP_IntManual
  m_EditorClassIdentifier: 
  mainAsset: {fileID: -3317442127980446634}
  foldoutTitle: 
  showRule: 0
  manualSizeValue: 1
--- !u!114 &-4026745792895670465
MonoBehaviour:
  m_ObjectHideFlags: 0
  m_CorrespondingSourceObject: {fileID: 0}
  m_PrefabInstance: {fileID: 0}
  m_PrefabAsset: {fileID: 0}
  m_GameObject: {fileID: 0}
  m_Enabled: 1
  m_EditorHideFlags: 0
  m_Script: {fileID: 11500000, guid: ef71f21978ce67042aad5e631d67ba53, type: 3}
  m_Name: RP_DropDownIncludedBorders
  m_EditorClassIdentifier: 
  mainAsset: {fileID: 1829140284875515068}
  foldoutTitle: 
  showRule: 0
  selectedParameter: {fileID: 7147151108279544952}
  selectedParameterIndex: 2
  availableParameterLabels:
  - Include Borders
  - Minus One Border
  - Minus Two Border
--- !u!114 &-3853620046600024111
MonoBehaviour:
  m_ObjectHideFlags: 0
  m_CorrespondingSourceObject: {fileID: 0}
  m_PrefabInstance: {fileID: 0}
  m_PrefabAsset: {fileID: 0}
  m_GameObject: {fileID: 0}
  m_Enabled: 1
  m_EditorHideFlags: 0
  m_Script: {fileID: 11500000, guid: dfffb087b26b8fd4a9c6bf6328281204, type: 3}
  m_Name: TOR_Modify_PositionRelative
  m_EditorClassIdentifier: 
  positionX: {fileID: -5610357612983590893}
  positionY: {fileID: 5416468727185027916}
  position: 4
--- !u!114 &-3459755351915702563
MonoBehaviour:
  m_ObjectHideFlags: 0
  m_CorrespondingSourceObject: {fileID: 0}
  m_PrefabInstance: {fileID: 0}
  m_PrefabAsset: {fileID: 0}
  m_GameObject: {fileID: 0}
  m_Enabled: 1
  m_EditorHideFlags: 0
  m_Script: {fileID: 11500000, guid: 34d79d25b309c764185f02c4a3efe230, type: 3}
  m_Name: RP_IntManual
  m_EditorClassIdentifier: 
  mainAsset: {fileID: -1017395686228568770}
  foldoutTitle: 
  showRule: 0
  manualSizeValue: 1
--- !u!114 &-3317442127980446634
MonoBehaviour:
  m_ObjectHideFlags: 0
  m_CorrespondingSourceObject: {fileID: 0}
  m_PrefabInstance: {fileID: 0}
  m_PrefabAsset: {fileID: 0}
  m_GameObject: {fileID: 0}
  m_Enabled: 1
  m_EditorHideFlags: 0
  m_Script: {fileID: 11500000, guid: c9416bceeae2d4f43855bd5db331ebbe, type: 3}
  m_Name: TOR_Modify_RepeatTile
  m_EditorClassIdentifier: 
  sizeOptionX: {fileID: 1328169390745882074}
  sizeOptionY: {fileID: -842870516884564704}
--- !u!114 &-3275152659881860663
MonoBehaviour:
  m_ObjectHideFlags: 0
  m_CorrespondingSourceObject: {fileID: 0}
  m_PrefabInstance: {fileID: 0}
  m_PrefabAsset: {fileID: 0}
  m_GameObject: {fileID: 0}
  m_Enabled: 1
  m_EditorHideFlags: 0
  m_Script: {fileID: 11500000, guid: 34d79d25b309c764185f02c4a3efe230, type: 3}
  m_Name: RP_IntManual
  m_EditorClassIdentifier: 
  mainAsset: {fileID: 3219953460799324875}
  foldoutTitle: 
  showRule: 0
  manualSizeValue: 0
--- !u!114 &-2951552928080377372
MonoBehaviour:
  m_ObjectHideFlags: 0
  m_CorrespondingSourceObject: {fileID: 0}
  m_PrefabInstance: {fileID: 0}
  m_PrefabAsset: {fileID: 0}
  m_GameObject: {fileID: 0}
  m_Enabled: 1
  m_EditorHideFlags: 0
  m_Script: {fileID: 11500000, guid: 838b2f4c47b45274483065ec275c52ad, type: 3}
  m_Name: RP_RulesList
  m_EditorClassIdentifier: 
  mainAsset: {fileID: -2336324341650939006}
  foldoutTitle: Rules (1)
  showRule: 1
  rules:
  - {fileID: 5592947484707625606}
  foldouts: 01
--- !u!114 &-2929369920966976830
MonoBehaviour:
  m_ObjectHideFlags: 0
  m_CorrespondingSourceObject: {fileID: 0}
  m_PrefabInstance: {fileID: 0}
  m_PrefabAsset: {fileID: 0}
  m_GameObject: {fileID: 0}
  m_Enabled: 1
  m_EditorHideFlags: 0
  m_Script: {fileID: 11500000, guid: 416f481261118f545aed27df47b94c56, type: 3}
  m_Name: RP_IntBasedOnParentValues
  m_EditorClassIdentifier: 
  mainAsset: {fileID: -887599721564277476}
  foldoutTitle: 
  showRule: 0
  parentSizeOptions: {fileID: -2204710271128352849}
  borderOptions: {fileID: 4135409740199915943}
--- !u!114 &-2713388655838075668
MonoBehaviour:
  m_ObjectHideFlags: 0
  m_CorrespondingSourceObject: {fileID: 0}
  m_PrefabInstance: {fileID: 0}
  m_PrefabAsset: {fileID: 0}
  m_GameObject: {fileID: 0}
  m_Enabled: 1
  m_EditorHideFlags: 0
  m_Script: {fileID: 11500000, guid: ef71f21978ce67042aad5e631d67ba53, type: 3}
  m_Name: RP_DropDownIncludedBorders
  m_EditorClassIdentifier: 
  mainAsset: {fileID: -1017395686228568770}
  foldoutTitle: 
  showRule: 0
  selectedParameter: {fileID: -1821383503216045465}
  selectedParameterIndex: 2
  availableParameterLabels:
  - Include Borders
  - Minus One Border
  - Minus Two Border
--- !u!114 &-2451701794505224609
MonoBehaviour:
  m_ObjectHideFlags: 0
  m_CorrespondingSourceObject: {fileID: 0}
  m_PrefabInstance: {fileID: 0}
  m_PrefabAsset: {fileID: 0}
  m_GameObject: {fileID: 0}
  m_Enabled: 1
  m_EditorHideFlags: 0
  m_Script: {fileID: 11500000, guid: 876d9480b79b689419d981104632fec2, type: 3}
  m_Name: TOR_Add_Tile
  m_EditorClassIdentifier: 
  rp_rule: {fileID: -481843489810633954}
  rp_tile: {fileID: 7897013979343408188}
--- !u!114 &-2336324341650939006
MonoBehaviour:
  m_ObjectHideFlags: 0
  m_CorrespondingSourceObject: {fileID: 0}
  m_PrefabInstance: {fileID: 0}
  m_PrefabAsset: {fileID: 0}
  m_GameObject: {fileID: 0}
  m_Enabled: 1
  m_EditorHideFlags: 0
  m_Script: {fileID: 11500000, guid: 876d9480b79b689419d981104632fec2, type: 3}
  m_Name: TOR_Add_Tile
  m_EditorClassIdentifier: 
  rp_rule: {fileID: -2951552928080377372}
  rp_tile: {fileID: -6777334465929204276}
--- !u!114 &-2233578878442912070
MonoBehaviour:
  m_ObjectHideFlags: 0
  m_CorrespondingSourceObject: {fileID: 0}
  m_PrefabInstance: {fileID: 0}
  m_PrefabAsset: {fileID: 0}
  m_GameObject: {fileID: 0}
  m_Enabled: 1
  m_EditorHideFlags: 0
  m_Script: {fileID: 11500000, guid: dfffb087b26b8fd4a9c6bf6328281204, type: 3}
  m_Name: TOR_Modify_PositionRelative
  m_EditorClassIdentifier: 
  positionX: {fileID: -7821266139812342976}
  positionY: {fileID: 5499496812347424900}
  position: 2
--- !u!114 &-2204710271128352849
MonoBehaviour:
  m_ObjectHideFlags: 0
  m_CorrespondingSourceObject: {fileID: 0}
  m_PrefabInstance: {fileID: 0}
  m_PrefabAsset: {fileID: 0}
  m_GameObject: {fileID: 0}
  m_Enabled: 1
  m_EditorHideFlags: 0
  m_Script: {fileID: 11500000, guid: d81318107066a274bb81a6977af242f7, type: 3}
  m_Name: RP_DropDownParentSize
  m_EditorClassIdentifier: 
  mainAsset: {fileID: -887599721564277476}
  foldoutTitle: 
  showRule: 0
  selectedParameter: {fileID: 5707329085609416255}
  selectedParameterIndex: 0
  availableParameterLabels:
  - Parent Width
  - Parent Height
--- !u!114 &-2008775132981199801
MonoBehaviour:
  m_ObjectHideFlags: 0
  m_CorrespondingSourceObject: {fileID: 0}
  m_PrefabInstance: {fileID: 0}
  m_PrefabAsset: {fileID: 0}
  m_GameObject: {fileID: 0}
  m_Enabled: 1
  m_EditorHideFlags: 0
  m_Script: {fileID: 11500000, guid: 971dd80cf3da9a747bd88f74650179cd, type: 3}
  m_Name: RP_DropDownInt
  m_EditorClassIdentifier: 
  mainAsset: {fileID: 485740778999439494}
  foldoutTitle: 
  showRule: 0
  selectedParameter: {fileID: 7487179454257287632}
  selectedParameterIndex: 0
  availableParameterLabels:
  - Manual
  - Based on Parent Size
  - Random Value
--- !u!114 &-1990296180964164404
MonoBehaviour:
  m_ObjectHideFlags: 0
  m_CorrespondingSourceObject: {fileID: 0}
  m_PrefabInstance: {fileID: 0}
  m_PrefabAsset: {fileID: 0}
  m_GameObject: {fileID: 0}
  m_Enabled: 1
  m_EditorHideFlags: 0
  m_Script: {fileID: 11500000, guid: 34d79d25b309c764185f02c4a3efe230, type: 3}
  m_Name: RP_IntManual
  m_EditorClassIdentifier: 
  mainAsset: {fileID: 3219953460799324875}
  foldoutTitle: 
  showRule: 0
  manualSizeValue: 0
--- !u!114 &-1821383503216045465
MonoBehaviour:
  m_ObjectHideFlags: 0
  m_CorrespondingSourceObject: {fileID: 0}
  m_PrefabInstance: {fileID: 0}
  m_PrefabAsset: {fileID: 0}
  m_GameObject: {fileID: 0}
  m_Enabled: 1
  m_EditorHideFlags: 0
  m_Script: {fileID: 11500000, guid: eef1385713c22fa43bc7fd756e997cff, type: 3}
  m_Name: RP_ModifyIntMinusTwoBorders
  m_EditorClassIdentifier: 
  mainAsset: {fileID: -1017395686228568770}
  foldoutTitle: 
  showRule: 0
--- !u!114 &-1558569079731582068
MonoBehaviour:
  m_ObjectHideFlags: 0
  m_CorrespondingSourceObject: {fileID: 0}
  m_PrefabInstance: {fileID: 0}
  m_PrefabAsset: {fileID: 0}
  m_GameObject: {fileID: 0}
  m_Enabled: 1
  m_EditorHideFlags: 0
  m_Script: {fileID: 11500000, guid: d81318107066a274bb81a6977af242f7, type: 3}
  m_Name: RP_DropDownParentSize
  m_EditorClassIdentifier: 
  mainAsset: {fileID: 3250769021675264773}
  foldoutTitle: 
  showRule: 0
  selectedParameter: {fileID: 4408641362632994120}
  selectedParameterIndex: 1
  availableParameterLabels:
  - Parent Width
  - Parent Height
--- !u!114 &-1506187378317402454
MonoBehaviour:
  m_ObjectHideFlags: 0
  m_CorrespondingSourceObject: {fileID: 0}
  m_PrefabInstance: {fileID: 0}
  m_PrefabAsset: {fileID: 0}
  m_GameObject: {fileID: 0}
  m_Enabled: 1
  m_EditorHideFlags: 0
  m_Script: {fileID: 11500000, guid: d81318107066a274bb81a6977af242f7, type: 3}
  m_Name: RP_DropDownParentSize
  m_EditorClassIdentifier: 
  mainAsset: {fileID: -3317442127980446634}
  foldoutTitle: 
  showRule: 0
  selectedParameter: {fileID: 916424221885945066}
  selectedParameterIndex: 1
  availableParameterLabels:
  - Parent Width
  - Parent Height
--- !u!114 &-1504010252026378370
MonoBehaviour:
  m_ObjectHideFlags: 0
  m_CorrespondingSourceObject: {fileID: 0}
  m_PrefabInstance: {fileID: 0}
  m_PrefabAsset: {fileID: 0}
  m_GameObject: {fileID: 0}
  m_Enabled: 1
  m_EditorHideFlags: 0
  m_Script: {fileID: 11500000, guid: 971dd80cf3da9a747bd88f74650179cd, type: 3}
  m_Name: RP_DropDownInt
  m_EditorClassIdentifier: 
  mainAsset: {fileID: 3219953460799324875}
  foldoutTitle: 
  showRule: 0
  selectedParameter: {fileID: -1990296180964164404}
  selectedParameterIndex: 0
  availableParameterLabels:
  - Manual
  - Based on Parent Size
  - Random Value
--- !u!114 &-1269956371335989766
MonoBehaviour:
  m_ObjectHideFlags: 0
  m_CorrespondingSourceObject: {fileID: 0}
  m_PrefabInstance: {fileID: 0}
  m_PrefabAsset: {fileID: 0}
  m_GameObject: {fileID: 0}
  m_Enabled: 1
  m_EditorHideFlags: 0
  m_Script: {fileID: 11500000, guid: 34d79d25b309c764185f02c4a3efe230, type: 3}
  m_Name: RP_IntManual
  m_EditorClassIdentifier: 
  mainAsset: {fileID: -2233578878442912070}
  foldoutTitle: 
  showRule: 0
  manualSizeValue: 0
--- !u!114 &-1017395686228568770
MonoBehaviour:
  m_ObjectHideFlags: 0
  m_CorrespondingSourceObject: {fileID: 0}
  m_PrefabInstance: {fileID: 0}
  m_PrefabAsset: {fileID: 0}
  m_GameObject: {fileID: 0}
  m_Enabled: 1
  m_EditorHideFlags: 0
  m_Script: {fileID: 11500000, guid: c9416bceeae2d4f43855bd5db331ebbe, type: 3}
  m_Name: TOR_Modify_RepeatTile
  m_EditorClassIdentifier: 
  sizeOptionX: {fileID: -8369559654990189633}
  sizeOptionY: {fileID: -5460223806673401647}
--- !u!114 &-887599721564277476
MonoBehaviour:
  m_ObjectHideFlags: 0
  m_CorrespondingSourceObject: {fileID: 0}
  m_PrefabInstance: {fileID: 0}
  m_PrefabAsset: {fileID: 0}
  m_GameObject: {fileID: 0}
  m_Enabled: 1
  m_EditorHideFlags: 0
  m_Script: {fileID: 11500000, guid: c9416bceeae2d4f43855bd5db331ebbe, type: 3}
  m_Name: TOR_Modify_RepeatTile
  m_EditorClassIdentifier: 
  sizeOptionX: {fileID: 4790788144603176560}
  sizeOptionY: {fileID: 5291817147889728189}
--- !u!114 &-842870516884564704
MonoBehaviour:
  m_ObjectHideFlags: 0
  m_CorrespondingSourceObject: {fileID: 0}
  m_PrefabInstance: {fileID: 0}
  m_PrefabAsset: {fileID: 0}
  m_GameObject: {fileID: 0}
  m_Enabled: 1
  m_EditorHideFlags: 0
  m_Script: {fileID: 11500000, guid: 971dd80cf3da9a747bd88f74650179cd, type: 3}
  m_Name: RP_DropDownInt
  m_EditorClassIdentifier: 
  mainAsset: {fileID: -3317442127980446634}
  foldoutTitle: 
  showRule: 0
  selectedParameter: {fileID: -5001829905223624253}
  selectedParameterIndex: 1
  availableParameterLabels:
  - Manual
  - Based on Parent Size
  - Random Value
--- !u!114 &-489583357523785333
MonoBehaviour:
  m_ObjectHideFlags: 0
  m_CorrespondingSourceObject: {fileID: 0}
  m_PrefabInstance: {fileID: 0}
  m_PrefabAsset: {fileID: 0}
  m_GameObject: {fileID: 0}
  m_Enabled: 1
  m_EditorHideFlags: 0
  m_Script: {fileID: 11500000, guid: 876d9480b79b689419d981104632fec2, type: 3}
  m_Name: TOR_Add_Tile
  m_EditorClassIdentifier: 
  rp_rule: {fileID: -4872838881276339228}
  rp_tile: {fileID: 1474312338968616847}
--- !u!114 &-481843489810633954
MonoBehaviour:
  m_ObjectHideFlags: 0
  m_CorrespondingSourceObject: {fileID: 0}
  m_PrefabInstance: {fileID: 0}
  m_PrefabAsset: {fileID: 0}
  m_GameObject: {fileID: 0}
  m_Enabled: 1
  m_EditorHideFlags: 0
  m_Script: {fileID: 11500000, guid: 838b2f4c47b45274483065ec275c52ad, type: 3}
  m_Name: RP_RulesList
  m_EditorClassIdentifier: 
  mainAsset: {fileID: -2451701794505224609}
  foldoutTitle: Rules (2)
  showRule: 0
  rules:
  - {fileID: -3317442127980446634}
  - {fileID: 485740778999439494}
  foldouts: 0101
--- !u!114 &-433052704304772172
MonoBehaviour:
  m_ObjectHideFlags: 0
  m_CorrespondingSourceObject: {fileID: 0}
  m_PrefabInstance: {fileID: 0}
  m_PrefabAsset: {fileID: 0}
  m_GameObject: {fileID: 0}
  m_Enabled: 1
  m_EditorHideFlags: 0
  m_Script: {fileID: 11500000, guid: dfffb087b26b8fd4a9c6bf6328281204, type: 3}
  m_Name: TOR_Modify_PositionRelative
  m_EditorClassIdentifier: 
  positionX: {fileID: 216034305400297368}
  positionY: {fileID: 2821642658400411667}
  position: 1
--- !u!114 &-339342013191876085
MonoBehaviour:
  m_ObjectHideFlags: 0
  m_CorrespondingSourceObject: {fileID: 0}
  m_PrefabInstance: {fileID: 0}
  m_PrefabAsset: {fileID: 0}
  m_GameObject: {fileID: 0}
  m_Enabled: 1
  m_EditorHideFlags: 0
  m_Script: {fileID: 11500000, guid: d81318107066a274bb81a6977af242f7, type: 3}
  m_Name: RP_DropDownParentSize
  m_EditorClassIdentifier: 
  mainAsset: {fileID: -1017395686228568770}
  foldoutTitle: 
  showRule: 0
  selectedParameter: {fileID: 1383811196850706688}
  selectedParameterIndex: 0
  availableParameterLabels:
  - Parent Width
  - Parent Height
--- !u!114 &-103561405045751924
MonoBehaviour:
  m_ObjectHideFlags: 0
  m_CorrespondingSourceObject: {fileID: 0}
  m_PrefabInstance: {fileID: 0}
  m_PrefabAsset: {fileID: 0}
  m_GameObject: {fileID: 0}
  m_Enabled: 1
  m_EditorHideFlags: 0
  m_Script: {fileID: 11500000, guid: eef1385713c22fa43bc7fd756e997cff, type: 3}
  m_Name: RP_ModifyIntMinusTwoBorders
  m_EditorClassIdentifier: 
  mainAsset: {fileID: 1829140284875515068}
  foldoutTitle: 
  showRule: 0
--- !u!114 &11400000
MonoBehaviour:
  m_ObjectHideFlags: 0
  m_CorrespondingSourceObject: {fileID: 0}
  m_PrefabInstance: {fileID: 0}
  m_PrefabAsset: {fileID: 0}
  m_GameObject: {fileID: 0}
  m_Enabled: 1
  m_EditorHideFlags: 0
  m_Script: {fileID: 11500000, guid: 150db34a701e961488aa694d769cebe1, type: 3}
  m_Name: WindowsHouse
  m_EditorClassIdentifier: 
  basicTiledObject:
    positionedTiles: []
    objectRules: []
    size: {x: 10, y: 10}
  rp_rule: {fileID: 1464012717236556824}
--- !u!114 &216034305400297368
MonoBehaviour:
  m_ObjectHideFlags: 0
  m_CorrespondingSourceObject: {fileID: 0}
  m_PrefabInstance: {fileID: 0}
  m_PrefabAsset: {fileID: 0}
  m_GameObject: {fileID: 0}
  m_Enabled: 1
  m_EditorHideFlags: 0
  m_Script: {fileID: 11500000, guid: 971dd80cf3da9a747bd88f74650179cd, type: 3}
  m_Name: RP_DropDownInt
  m_EditorClassIdentifier: 
  mainAsset: {fileID: -433052704304772172}
  foldoutTitle: 
  showRule: 0
  selectedParameter: {fileID: -8219859238747491103}
  selectedParameterIndex: 0
  availableParameterLabels:
  - Manual
  - Based on Parent Size
  - Random Value
--- !u!114 &485740778999439494
MonoBehaviour:
  m_ObjectHideFlags: 0
  m_CorrespondingSourceObject: {fileID: 0}
  m_PrefabInstance: {fileID: 0}
  m_PrefabAsset: {fileID: 0}
  m_GameObject: {fileID: 0}
  m_Enabled: 1
  m_EditorHideFlags: 0
  m_Script: {fileID: 11500000, guid: dfffb087b26b8fd4a9c6bf6328281204, type: 3}
  m_Name: TOR_Modify_PositionRelative
  m_EditorClassIdentifier: 
  positionX: {fileID: -2008775132981199801}
  positionY: {fileID: -4156773294901171811}
  position: 5
--- !u!114 &695887048789015696
MonoBehaviour:
  m_ObjectHideFlags: 0
  m_CorrespondingSourceObject: {fileID: 0}
  m_PrefabInstance: {fileID: 0}
  m_PrefabAsset: {fileID: 0}
  m_GameObject: {fileID: 0}
  m_Enabled: 1
  m_EditorHideFlags: 0
  m_Script: {fileID: 11500000, guid: 971dd80cf3da9a747bd88f74650179cd, type: 3}
  m_Name: RP_DropDownInt
  m_EditorClassIdentifier: 
  mainAsset: {fileID: 3250769021675264773}
  foldoutTitle: 
  showRule: 0
  selectedParameter: {fileID: -5451906551415722022}
  selectedParameterIndex: 0
  availableParameterLabels:
  - Manual
  - Based on Parent Size
  - Random Value
--- !u!114 &712333014614452328
MonoBehaviour:
  m_ObjectHideFlags: 0
  m_CorrespondingSourceObject: {fileID: 0}
  m_PrefabInstance: {fileID: 0}
  m_PrefabAsset: {fileID: 0}
  m_GameObject: {fileID: 0}
  m_Enabled: 1
  m_EditorHideFlags: 0
  m_Script: {fileID: 11500000, guid: 7273bc96d058d614c87288e44b7c11a4, type: 3}
  m_Name: RP_Tile
  m_EditorClassIdentifier: 
  mainAsset: {fileID: 1384129799800029240}
  foldoutTitle: Tile (BigWindowsHouse_0)
  showRule: 0
  tile: {fileID: 11400000, guid: bf1c1e1f019db1040890e944bc468b02, type: 2}
--- !u!114 &916424221885945066
MonoBehaviour:
  m_ObjectHideFlags: 0
  m_CorrespondingSourceObject: {fileID: 0}
  m_PrefabInstance: {fileID: 0}
  m_PrefabAsset: {fileID: 0}
  m_GameObject: {fileID: 0}
  m_Enabled: 1
  m_EditorHideFlags: 0
  m_Script: {fileID: 11500000, guid: 5e0ed825b9547aa4fac550888e20098b, type: 3}
  m_Name: RP_ParentSizeHeight
  m_EditorClassIdentifier: 
  mainAsset: {fileID: -3317442127980446634}
  foldoutTitle: 
  showRule: 0
--- !u!114 &1231791386491933580
MonoBehaviour:
  m_ObjectHideFlags: 0
  m_CorrespondingSourceObject: {fileID: 0}
  m_PrefabInstance: {fileID: 0}
  m_PrefabAsset: {fileID: 0}
  m_GameObject: {fileID: 0}
  m_Enabled: 1
  m_EditorHideFlags: 0
  m_Script: {fileID: 11500000, guid: 7273bc96d058d614c87288e44b7c11a4, type: 3}
  m_Name: RP_Tile
  m_EditorClassIdentifier: 
  mainAsset: {fileID: 3229084412501723447}
  foldoutTitle: Tile (BigWindowsHouse_5)
  showRule: 0
  tile: {fileID: 11400000, guid: c33b9db369f2d944cb81193aec7a9eb2, type: 2}
--- !u!114 &1270584831765106321
MonoBehaviour:
  m_ObjectHideFlags: 0
  m_CorrespondingSourceObject: {fileID: 0}
  m_PrefabInstance: {fileID: 0}
  m_PrefabAsset: {fileID: 0}
  m_GameObject: {fileID: 0}
  m_Enabled: 1
  m_EditorHideFlags: 0
  m_Script: {fileID: 11500000, guid: d81318107066a274bb81a6977af242f7, type: 3}
  m_Name: RP_DropDownParentSize
  m_EditorClassIdentifier: 
  mainAsset: {fileID: 1829140284875515068}
  foldoutTitle: 
  showRule: 0
  selectedParameter: {fileID: 2628882979941619711}
  selectedParameterIndex: 0
  availableParameterLabels:
  - Parent Width
  - Parent Height
--- !u!114 &1328169390745882074
MonoBehaviour:
  m_ObjectHideFlags: 0
  m_CorrespondingSourceObject: {fileID: 0}
  m_PrefabInstance: {fileID: 0}
  m_PrefabAsset: {fileID: 0}
  m_GameObject: {fileID: 0}
  m_Enabled: 1
  m_EditorHideFlags: 0
  m_Script: {fileID: 11500000, guid: 971dd80cf3da9a747bd88f74650179cd, type: 3}
  m_Name: RP_DropDownInt
  m_EditorClassIdentifier: 
  mainAsset: {fileID: -3317442127980446634}
  foldoutTitle: 
  showRule: 0
  selectedParameter: {fileID: -4068471517014356706}
  selectedParameterIndex: 0
  availableParameterLabels:
  - Manual
  - Based on Parent Size
  - Random Value
--- !u!114 &1357939816907767891
MonoBehaviour:
  m_ObjectHideFlags: 0
  m_CorrespondingSourceObject: {fileID: 0}
  m_PrefabInstance: {fileID: 0}
  m_PrefabAsset: {fileID: 0}
  m_GameObject: {fileID: 0}
  m_Enabled: 1
  m_EditorHideFlags: 0
  m_Script: {fileID: 11500000, guid: 838b2f4c47b45274483065ec275c52ad, type: 3}
  m_Name: RP_RulesList
  m_EditorClassIdentifier: 
  mainAsset: {fileID: 9145935729489948280}
  foldoutTitle: Rules (2)
  showRule: 0
  rules:
  - {fileID: -1017395686228568770}
  - {fileID: -433052704304772172}
  foldouts: 0101
--- !u!114 &1383811196850706688
MonoBehaviour:
  m_ObjectHideFlags: 0
  m_CorrespondingSourceObject: {fileID: 0}
  m_PrefabInstance: {fileID: 0}
  m_PrefabAsset: {fileID: 0}
  m_GameObject: {fileID: 0}
  m_Enabled: 1
  m_EditorHideFlags: 0
  m_Script: {fileID: 11500000, guid: 117392dc613755141891cf1cfbb366e2, type: 3}
  m_Name: RP_ParentSizeWidth
  m_EditorClassIdentifier: 
  mainAsset: {fileID: -1017395686228568770}
  foldoutTitle: 
  showRule: 0
--- !u!114 &1384129799800029240
MonoBehaviour:
  m_ObjectHideFlags: 0
  m_CorrespondingSourceObject: {fileID: 0}
  m_PrefabInstance: {fileID: 0}
  m_PrefabAsset: {fileID: 0}
  m_GameObject: {fileID: 0}
  m_Enabled: 1
  m_EditorHideFlags: 0
  m_Script: {fileID: 11500000, guid: 876d9480b79b689419d981104632fec2, type: 3}
  m_Name: TOR_Add_Tile
  m_EditorClassIdentifier: 
  rp_rule: {fileID: 9086663219159446323}
  rp_tile: {fileID: 712333014614452328}
--- !u!114 &1464012717236556824
MonoBehaviour:
  m_ObjectHideFlags: 0
  m_CorrespondingSourceObject: {fileID: 0}
  m_PrefabInstance: {fileID: 0}
  m_PrefabAsset: {fileID: 0}
  m_GameObject: {fileID: 0}
  m_Enabled: 1
  m_EditorHideFlags: 0
  m_Script: {fileID: 11500000, guid: 838b2f4c47b45274483065ec275c52ad, type: 3}
  m_Name: RP_RulesList
  m_EditorClassIdentifier: 
  mainAsset: {fileID: 11400000}
  foldoutTitle: Rules (9)
  showRule: 1
  rules:
  - {fileID: 1384129799800029240}
  - {fileID: 3229084412501723447}
  - {fileID: -2336324341650939006}
  - {fileID: 6489556819352202742}
  - {fileID: 9145935729489948280}
  - {fileID: -5225658279231896579}
  - {fileID: -489583357523785333}
  - {fileID: -2451701794505224609}
  - {fileID: 3477582974876196960}
  foldouts: 000000000001010101
--- !u!114 &1474312338968616847
MonoBehaviour:
  m_ObjectHideFlags: 0
  m_CorrespondingSourceObject: {fileID: 0}
  m_PrefabInstance: {fileID: 0}
  m_PrefabAsset: {fileID: 0}
  m_GameObject: {fileID: 0}
  m_Enabled: 1
  m_EditorHideFlags: 0
  m_Script: {fileID: 11500000, guid: 7273bc96d058d614c87288e44b7c11a4, type: 3}
  m_Name: RP_Tile
  m_EditorClassIdentifier: 
  mainAsset: {fileID: -489583357523785333}
  foldoutTitle: Tile (BigWindowsHouse_6)
  showRule: 0
  tile: {fileID: 11400000, guid: 5953dca5310b78c4cabc5e5dff3c73ab, type: 2}
--- !u!114 &1721667621166554970
MonoBehaviour:
  m_ObjectHideFlags: 0
  m_CorrespondingSourceObject: {fileID: 0}
  m_PrefabInstance: {fileID: 0}
  m_PrefabAsset: {fileID: 0}
  m_GameObject: {fileID: 0}
  m_Enabled: 1
  m_EditorHideFlags: 0
  m_Script: {fileID: 11500000, guid: 971dd80cf3da9a747bd88f74650179cd, type: 3}
  m_Name: RP_DropDownInt
  m_EditorClassIdentifier: 
  mainAsset: {fileID: 1829140284875515068}
  foldoutTitle: 
  showRule: 0
  selectedParameter: {fileID: -6122617644129300370}
  selectedParameterIndex: 1
  availableParameterLabels:
  - Manual
  - Based on Parent Size
  - Random Value
--- !u!114 &1829140284875515068
MonoBehaviour:
  m_ObjectHideFlags: 0
  m_CorrespondingSourceObject: {fileID: 0}
  m_PrefabInstance: {fileID: 0}
  m_PrefabAsset: {fileID: 0}
  m_GameObject: {fileID: 0}
  m_Enabled: 1
  m_EditorHideFlags: 0
  m_Script: {fileID: 11500000, guid: c9416bceeae2d4f43855bd5db331ebbe, type: 3}
  m_Name: TOR_Modify_RepeatTile
  m_EditorClassIdentifier: 
  sizeOptionX: {fileID: 1721667621166554970}
  sizeOptionY: {fileID: -7863909466862162801}
--- !u!114 &1925111811999224147
MonoBehaviour:
  m_ObjectHideFlags: 0
  m_CorrespondingSourceObject: {fileID: 0}
  m_PrefabInstance: {fileID: 0}
  m_PrefabAsset: {fileID: 0}
  m_GameObject: {fileID: 0}
  m_Enabled: 1
  m_EditorHideFlags: 0
  m_Script: {fileID: 11500000, guid: 34d79d25b309c764185f02c4a3efe230, type: 3}
  m_Name: RP_IntManual
  m_EditorClassIdentifier: 
  mainAsset: {fileID: -5603866261575325628}
  foldoutTitle: 
  showRule: 0
  manualSizeValue: 0
--- !u!114 &2129655400083294389
MonoBehaviour:
  m_ObjectHideFlags: 0
  m_CorrespondingSourceObject: {fileID: 0}
  m_PrefabInstance: {fileID: 0}
  m_PrefabAsset: {fileID: 0}
  m_GameObject: {fileID: 0}
  m_Enabled: 1
  m_EditorHideFlags: 0
  m_Script: {fileID: 11500000, guid: 34d79d25b309c764185f02c4a3efe230, type: 3}
  m_Name: RP_IntManual
  m_EditorClassIdentifier: 
  mainAsset: {fileID: 4522083199085462057}
  foldoutTitle: 
  showRule: 0
  manualSizeValue: 0
--- !u!114 &2140404679496222196
MonoBehaviour:
  m_ObjectHideFlags: 0
  m_CorrespondingSourceObject: {fileID: 0}
  m_PrefabInstance: {fileID: 0}
  m_PrefabAsset: {fileID: 0}
  m_GameObject: {fileID: 0}
  m_Enabled: 1
  m_EditorHideFlags: 0
  m_Script: {fileID: 11500000, guid: 971dd80cf3da9a747bd88f74650179cd, type: 3}
  m_Name: RP_DropDownInt
  m_EditorClassIdentifier: 
  mainAsset: {fileID: 3219953460799324875}
  foldoutTitle: 
  showRule: 0
  selectedParameter: {fileID: -3275152659881860663}
  selectedParameterIndex: 0
  availableParameterLabels:
  - Manual
  - Based on Parent Size
  - Random Value
--- !u!114 &2308308158587962957
MonoBehaviour:
  m_ObjectHideFlags: 0
  m_CorrespondingSourceObject: {fileID: 0}
  m_PrefabInstance: {fileID: 0}
  m_PrefabAsset: {fileID: 0}
  m_GameObject: {fileID: 0}
  m_Enabled: 1
  m_EditorHideFlags: 0
  m_Script: {fileID: 11500000, guid: 971dd80cf3da9a747bd88f74650179cd, type: 3}
  m_Name: RP_DropDownInt
  m_EditorClassIdentifier: 
  mainAsset: {fileID: 5592947484707625606}
  foldoutTitle: 
  showRule: 0
  selectedParameter: {fileID: -4338484415127617432}
  selectedParameterIndex: 0
  availableParameterLabels:
  - Manual
  - Based on Parent Size
  - Random Value
--- !u!114 &2628882979941619711
MonoBehaviour:
  m_ObjectHideFlags: 0
  m_CorrespondingSourceObject: {fileID: 0}
  m_PrefabInstance: {fileID: 0}
  m_PrefabAsset: {fileID: 0}
  m_GameObject: {fileID: 0}
  m_Enabled: 1
  m_EditorHideFlags: 0
  m_Script: {fileID: 11500000, guid: 117392dc613755141891cf1cfbb366e2, type: 3}
  m_Name: RP_ParentSizeWidth
  m_EditorClassIdentifier: 
  mainAsset: {fileID: 1829140284875515068}
  foldoutTitle: 
  showRule: 0
--- !u!114 &2821642658400411667
MonoBehaviour:
  m_ObjectHideFlags: 0
  m_CorrespondingSourceObject: {fileID: 0}
  m_PrefabInstance: {fileID: 0}
  m_PrefabAsset: {fileID: 0}
  m_GameObject: {fileID: 0}
  m_Enabled: 1
  m_EditorHideFlags: 0
  m_Script: {fileID: 11500000, guid: 971dd80cf3da9a747bd88f74650179cd, type: 3}
  m_Name: RP_DropDownInt
  m_EditorClassIdentifier: 
  mainAsset: {fileID: -433052704304772172}
  foldoutTitle: 
  showRule: 0
  selectedParameter: {fileID: 3705344889818328592}
  selectedParameterIndex: 0
  availableParameterLabels:
  - Manual
  - Based on Parent Size
  - Random Value
--- !u!114 &3219953460799324875
MonoBehaviour:
  m_ObjectHideFlags: 0
  m_CorrespondingSourceObject: {fileID: 0}
  m_PrefabInstance: {fileID: 0}
  m_PrefabAsset: {fileID: 0}
  m_GameObject: {fileID: 0}
  m_Enabled: 1
  m_EditorHideFlags: 0
  m_Script: {fileID: 11500000, guid: dfffb087b26b8fd4a9c6bf6328281204, type: 3}
  m_Name: TOR_Modify_PositionRelative
  m_EditorClassIdentifier: 
  positionX: {fileID: 2140404679496222196}
  positionY: {fileID: -1504010252026378370}
  position: 3
--- !u!114 &3229084412501723447
MonoBehaviour:
  m_ObjectHideFlags: 0
  m_CorrespondingSourceObject: {fileID: 0}
  m_PrefabInstance: {fileID: 0}
  m_PrefabAsset: {fileID: 0}
  m_GameObject: {fileID: 0}
  m_Enabled: 1
  m_EditorHideFlags: 0
  m_Script: {fileID: 11500000, guid: 876d9480b79b689419d981104632fec2, type: 3}
  m_Name: TOR_Add_Tile
  m_EditorClassIdentifier: 
  rp_rule: {fileID: 6565903586023051573}
  rp_tile: {fileID: 1231791386491933580}
--- !u!114 &3250769021675264773
MonoBehaviour:
  m_ObjectHideFlags: 0
  m_CorrespondingSourceObject: {fileID: 0}
  m_PrefabInstance: {fileID: 0}
  m_PrefabAsset: {fileID: 0}
  m_GameObject: {fileID: 0}
  m_Enabled: 1
  m_EditorHideFlags: 0
  m_Script: {fileID: 11500000, guid: c9416bceeae2d4f43855bd5db331ebbe, type: 3}
  m_Name: TOR_Modify_RepeatTile
  m_EditorClassIdentifier: 
  sizeOptionX: {fileID: 695887048789015696}
  sizeOptionY: {fileID: -7828182700130307201}
--- !u!114 &3335765845413995080
MonoBehaviour:
  m_ObjectHideFlags: 0
  m_CorrespondingSourceObject: {fileID: 0}
  m_PrefabInstance: {fileID: 0}
  m_PrefabAsset: {fileID: 0}
  m_GameObject: {fileID: 0}
  m_Enabled: 1
  m_EditorHideFlags: 0
  m_Script: {fileID: 11500000, guid: 416f481261118f545aed27df47b94c56, type: 3}
  m_Name: RP_IntBasedOnParentValues
  m_EditorClassIdentifier: 
  mainAsset: {fileID: -1017395686228568770}
  foldoutTitle: 
  showRule: 0
  parentSizeOptions: {fileID: -339342013191876085}
  borderOptions: {fileID: -2713388655838075668}
--- !u!114 &3477582974876196960
MonoBehaviour:
  m_ObjectHideFlags: 0
  m_CorrespondingSourceObject: {fileID: 0}
  m_PrefabInstance: {fileID: 0}
  m_PrefabAsset: {fileID: 0}
  m_GameObject: {fileID: 0}
  m_Enabled: 1
  m_EditorHideFlags: 0
  m_Script: {fileID: 11500000, guid: 876d9480b79b689419d981104632fec2, type: 3}
  m_Name: TOR_Add_Tile
  m_EditorClassIdentifier: 
  rp_rule: {fileID: 8250222621100202775}
  rp_tile: {fileID: -4701893604869533931}
--- !u!114 &3588164984077408470
MonoBehaviour:
  m_ObjectHideFlags: 0
  m_CorrespondingSourceObject: {fileID: 0}
  m_PrefabInstance: {fileID: 0}
  m_PrefabAsset: {fileID: 0}
  m_GameObject: {fileID: 0}
  m_Enabled: 1
  m_EditorHideFlags: 0
  m_Script: {fileID: 11500000, guid: ef71f21978ce67042aad5e631d67ba53, type: 3}
  m_Name: RP_DropDownIncludedBorders
  m_EditorClassIdentifier: 
  mainAsset: {fileID: 1829140284875515068}
  foldoutTitle: 
  showRule: 0
  selectedParameter: {fileID: -103561405045751924}
  selectedParameterIndex: 2
  availableParameterLabels:
  - Include Borders
  - Minus One Border
  - Minus Two Border
--- !u!114 &3705344889818328592
MonoBehaviour:
  m_ObjectHideFlags: 0
  m_CorrespondingSourceObject: {fileID: 0}
  m_PrefabInstance: {fileID: 0}
  m_PrefabAsset: {fileID: 0}
  m_GameObject: {fileID: 0}
  m_Enabled: 1
  m_EditorHideFlags: 0
  m_Script: {fileID: 11500000, guid: 34d79d25b309c764185f02c4a3efe230, type: 3}
  m_Name: RP_IntManual
  m_EditorClassIdentifier: 
  mainAsset: {fileID: -433052704304772172}
  foldoutTitle: 
  showRule: 0
  manualSizeValue: 0
--- !u!114 &3782484344626980093
MonoBehaviour:
  m_ObjectHideFlags: 0
  m_CorrespondingSourceObject: {fileID: 0}
  m_PrefabInstance: {fileID: 0}
  m_PrefabAsset: {fileID: 0}
  m_GameObject: {fileID: 0}
  m_Enabled: 1
  m_EditorHideFlags: 0
  m_Script: {fileID: 11500000, guid: 7273bc96d058d614c87288e44b7c11a4, type: 3}
  m_Name: RP_Tile
  m_EditorClassIdentifier: 
  mainAsset: {fileID: 6489556819352202742}
  foldoutTitle: Tile (BigWindowsHouse_17)
  showRule: 1
  tile: {fileID: 11400000, guid: 5b6f8cd442d7ab44a97d1faa726c8dc6, type: 2}
--- !u!114 &3902113572411075416
MonoBehaviour:
  m_ObjectHideFlags: 0
  m_CorrespondingSourceObject: {fileID: 0}
  m_PrefabInstance: {fileID: 0}
  m_PrefabAsset: {fileID: 0}
  m_GameObject: {fileID: 0}
  m_Enabled: 1
  m_EditorHideFlags: 0
  m_Script: {fileID: 11500000, guid: 971dd80cf3da9a747bd88f74650179cd, type: 3}
  m_Name: RP_DropDownInt
  m_EditorClassIdentifier: 
  mainAsset: {fileID: 4522083199085462057}
  foldoutTitle: 
  showRule: 0
  selectedParameter: {fileID: 4675727790422396103}
  selectedParameterIndex: 0
  availableParameterLabels:
  - Manual
  - Based on Parent Size
  - Random Value
--- !u!114 &4135409740199915943
MonoBehaviour:
  m_ObjectHideFlags: 0
  m_CorrespondingSourceObject: {fileID: 0}
  m_PrefabInstance: {fileID: 0}
  m_PrefabAsset: {fileID: 0}
  m_GameObject: {fileID: 0}
  m_Enabled: 1
  m_EditorHideFlags: 0
  m_Script: {fileID: 11500000, guid: ef71f21978ce67042aad5e631d67ba53, type: 3}
  m_Name: RP_DropDownIncludedBorders
  m_EditorClassIdentifier: 
  mainAsset: {fileID: -887599721564277476}
  foldoutTitle: 
  showRule: 0
  selectedParameter: {fileID: -8037770776791392379}
  selectedParameterIndex: 2
  availableParameterLabels:
  - Include Borders
  - Minus One Border
  - Minus Two Border
--- !u!114 &4190601181345559505
MonoBehaviour:
  m_ObjectHideFlags: 0
  m_CorrespondingSourceObject: {fileID: 0}
  m_PrefabInstance: {fileID: 0}
  m_PrefabAsset: {fileID: 0}
  m_GameObject: {fileID: 0}
  m_Enabled: 1
  m_EditorHideFlags: 0
  m_Script: {fileID: 11500000, guid: 971dd80cf3da9a747bd88f74650179cd, type: 3}
  m_Name: RP_DropDownInt
  m_EditorClassIdentifier: 
  mainAsset: {fileID: -5603866261575325628}
  foldoutTitle: 
  showRule: 0
  selectedParameter: {fileID: 7505873746739621232}
  selectedParameterIndex: 0
  availableParameterLabels:
  - Manual
  - Based on Parent Size
  - Random Value
--- !u!114 &4408641362632994120
MonoBehaviour:
  m_ObjectHideFlags: 0
  m_CorrespondingSourceObject: {fileID: 0}
  m_PrefabInstance: {fileID: 0}
  m_PrefabAsset: {fileID: 0}
  m_GameObject: {fileID: 0}
  m_Enabled: 1
  m_EditorHideFlags: 0
  m_Script: {fileID: 11500000, guid: 5e0ed825b9547aa4fac550888e20098b, type: 3}
  m_Name: RP_ParentSizeHeight
  m_EditorClassIdentifier: 
  mainAsset: {fileID: 3250769021675264773}
  foldoutTitle: 
  showRule: 0
--- !u!114 &4446411457540816275
MonoBehaviour:
  m_ObjectHideFlags: 0
  m_CorrespondingSourceObject: {fileID: 0}
  m_PrefabInstance: {fileID: 0}
  m_PrefabAsset: {fileID: 0}
  m_GameObject: {fileID: 0}
  m_Enabled: 1
  m_EditorHideFlags: 0
  m_Script: {fileID: 11500000, guid: 34d79d25b309c764185f02c4a3efe230, type: 3}
  m_Name: RP_IntManual
  m_EditorClassIdentifier: 
  mainAsset: {fileID: 485740778999439494}
  foldoutTitle: 
  showRule: 0
  manualSizeValue: 0
--- !u!114 &4470752800886084186
MonoBehaviour:
  m_ObjectHideFlags: 0
  m_CorrespondingSourceObject: {fileID: 0}
  m_PrefabInstance: {fileID: 0}
  m_PrefabAsset: {fileID: 0}
  m_GameObject: {fileID: 0}
  m_Enabled: 1
  m_EditorHideFlags: 0
  m_Script: {fileID: 11500000, guid: d81318107066a274bb81a6977af242f7, type: 3}
  m_Name: RP_DropDownParentSize
  m_EditorClassIdentifier: 
  mainAsset: {fileID: 1829140284875515068}
  foldoutTitle: 
  showRule: 0
  selectedParameter: {fileID: 5420502783040627740}
  selectedParameterIndex: 1
  availableParameterLabels:
  - Parent Width
  - Parent Height
--- !u!114 &4522083199085462057
MonoBehaviour:
  m_ObjectHideFlags: 0
  m_CorrespondingSourceObject: {fileID: 0}
  m_PrefabInstance: {fileID: 0}
  m_PrefabAsset: {fileID: 0}
  m_GameObject: {fileID: 0}
  m_Enabled: 1
  m_EditorHideFlags: 0
  m_Script: {fileID: 11500000, guid: dfffb087b26b8fd4a9c6bf6328281204, type: 3}
  m_Name: TOR_Modify_PositionRelative
  m_EditorClassIdentifier: 
  positionX: {fileID: -6464474431949996094}
  positionY: {fileID: 3902113572411075416}
  position: 7
--- !u!114 &4675727790422396103
MonoBehaviour:
  m_ObjectHideFlags: 0
  m_CorrespondingSourceObject: {fileID: 0}
  m_PrefabInstance: {fileID: 0}
  m_PrefabAsset: {fileID: 0}
  m_GameObject: {fileID: 0}
  m_Enabled: 1
  m_EditorHideFlags: 0
  m_Script: {fileID: 11500000, guid: 34d79d25b309c764185f02c4a3efe230, type: 3}
  m_Name: RP_IntManual
  m_EditorClassIdentifier: 
  mainAsset: {fileID: 4522083199085462057}
  foldoutTitle: 
  showRule: 0
  manualSizeValue: 0
--- !u!114 &4790788144603176560
MonoBehaviour:
  m_ObjectHideFlags: 0
  m_CorrespondingSourceObject: {fileID: 0}
  m_PrefabInstance: {fileID: 0}
  m_PrefabAsset: {fileID: 0}
  m_GameObject: {fileID: 0}
  m_Enabled: 1
  m_EditorHideFlags: 0
  m_Script: {fileID: 11500000, guid: 971dd80cf3da9a747bd88f74650179cd, type: 3}
  m_Name: RP_DropDownInt
  m_EditorClassIdentifier: 
  mainAsset: {fileID: -887599721564277476}
  foldoutTitle: 
  showRule: 0
  selectedParameter: {fileID: -2929369920966976830}
  selectedParameterIndex: 1
  availableParameterLabels:
  - Manual
  - Based on Parent Size
  - Random Value
--- !u!114 &4850281904252916333
MonoBehaviour:
  m_ObjectHideFlags: 0
  m_CorrespondingSourceObject: {fileID: 0}
  m_PrefabInstance: {fileID: 0}
  m_PrefabAsset: {fileID: 0}
  m_GameObject: {fileID: 0}
  m_Enabled: 1
  m_EditorHideFlags: 0
  m_Script: {fileID: 11500000, guid: 416f481261118f545aed27df47b94c56, type: 3}
  m_Name: RP_IntBasedOnParentValues
  m_EditorClassIdentifier: 
  mainAsset: {fileID: 1829140284875515068}
  foldoutTitle: 
  showRule: 0
  parentSizeOptions: {fileID: 4470752800886084186}
  borderOptions: {fileID: 3588164984077408470}
--- !u!114 &5291817147889728189
MonoBehaviour:
  m_ObjectHideFlags: 0
  m_CorrespondingSourceObject: {fileID: 0}
  m_PrefabInstance: {fileID: 0}
  m_PrefabAsset: {fileID: 0}
  m_GameObject: {fileID: 0}
  m_Enabled: 1
  m_EditorHideFlags: 0
  m_Script: {fileID: 11500000, guid: 971dd80cf3da9a747bd88f74650179cd, type: 3}
  m_Name: RP_DropDownInt
  m_EditorClassIdentifier: 
  mainAsset: {fileID: -887599721564277476}
  foldoutTitle: 
  showRule: 0
  selectedParameter: {fileID: 7402554995921710258}
  selectedParameterIndex: 0
  availableParameterLabels:
  - Manual
  - Based on Parent Size
  - Random Value
--- !u!114 &5416468727185027916
MonoBehaviour:
  m_ObjectHideFlags: 0
  m_CorrespondingSourceObject: {fileID: 0}
  m_PrefabInstance: {fileID: 0}
  m_PrefabAsset: {fileID: 0}
  m_GameObject: {fileID: 0}
  m_Enabled: 1
  m_EditorHideFlags: 0
  m_Script: {fileID: 11500000, guid: 971dd80cf3da9a747bd88f74650179cd, type: 3}
  m_Name: RP_DropDownInt
  m_EditorClassIdentifier: 
  mainAsset: {fileID: -3853620046600024111}
  foldoutTitle: 
  showRule: 0
  selectedParameter: {fileID: -5243359486551047479}
  selectedParameterIndex: 0
  availableParameterLabels:
  - Manual
  - Based on Parent Size
  - Random Value
--- !u!114 &5420502783040627740
MonoBehaviour:
  m_ObjectHideFlags: 0
  m_CorrespondingSourceObject: {fileID: 0}
  m_PrefabInstance: {fileID: 0}
  m_PrefabAsset: {fileID: 0}
  m_GameObject: {fileID: 0}
  m_Enabled: 1
  m_EditorHideFlags: 0
  m_Script: {fileID: 11500000, guid: 5e0ed825b9547aa4fac550888e20098b, type: 3}
  m_Name: RP_ParentSizeHeight
  m_EditorClassIdentifier: 
  mainAsset: {fileID: 1829140284875515068}
  foldoutTitle: 
  showRule: 0
--- !u!114 &5499496812347424900
MonoBehaviour:
  m_ObjectHideFlags: 0
  m_CorrespondingSourceObject: {fileID: 0}
  m_PrefabInstance: {fileID: 0}
  m_PrefabAsset: {fileID: 0}
  m_GameObject: {fileID: 0}
  m_Enabled: 1
  m_EditorHideFlags: 0
  m_Script: {fileID: 11500000, guid: 971dd80cf3da9a747bd88f74650179cd, type: 3}
  m_Name: RP_DropDownInt
  m_EditorClassIdentifier: 
  mainAsset: {fileID: -2233578878442912070}
  foldoutTitle: 
  showRule: 0
  selectedParameter: {fileID: -1269956371335989766}
  selectedParameterIndex: 0
  availableParameterLabels:
  - Manual
  - Based on Parent Size
  - Random Value
--- !u!114 &5592947484707625606
MonoBehaviour:
  m_ObjectHideFlags: 0
  m_CorrespondingSourceObject: {fileID: 0}
  m_PrefabInstance: {fileID: 0}
  m_PrefabAsset: {fileID: 0}
  m_GameObject: {fileID: 0}
  m_Enabled: 1
  m_EditorHideFlags: 0
  m_Script: {fileID: 11500000, guid: dfffb087b26b8fd4a9c6bf6328281204, type: 3}
  m_Name: TOR_Modify_PositionRelative
  m_EditorClassIdentifier: 
  positionX: {fileID: -5733346363568893597}
  positionY: {fileID: 2308308158587962957}
  position: 6
--- !u!114 &5707329085609416255
MonoBehaviour:
  m_ObjectHideFlags: 0
  m_CorrespondingSourceObject: {fileID: 0}
  m_PrefabInstance: {fileID: 0}
  m_PrefabAsset: {fileID: 0}
  m_GameObject: {fileID: 0}
  m_Enabled: 1
  m_EditorHideFlags: 0
  m_Script: {fileID: 11500000, guid: 117392dc613755141891cf1cfbb366e2, type: 3}
  m_Name: RP_ParentSizeWidth
  m_EditorClassIdentifier: 
  mainAsset: {fileID: -887599721564277476}
  foldoutTitle: 
  showRule: 0
--- !u!114 &6076545641970543737
MonoBehaviour:
  m_ObjectHideFlags: 0
  m_CorrespondingSourceObject: {fileID: 0}
  m_PrefabInstance: {fileID: 0}
  m_PrefabAsset: {fileID: 0}
  m_GameObject: {fileID: 0}
  m_Enabled: 1
  m_EditorHideFlags: 0
  m_Script: {fileID: 11500000, guid: ef71f21978ce67042aad5e631d67ba53, type: 3}
  m_Name: RP_DropDownIncludedBorders
  m_EditorClassIdentifier: 
  mainAsset: {fileID: -3317442127980446634}
  foldoutTitle: 
  showRule: 0
  selectedParameter: {fileID: 8031160004638024659}
  selectedParameterIndex: 2
  availableParameterLabels:
  - Include Borders
  - Minus One Border
  - Minus Two Border
--- !u!114 &6386821639092166180
MonoBehaviour:
  m_ObjectHideFlags: 0
  m_CorrespondingSourceObject: {fileID: 0}
  m_PrefabInstance: {fileID: 0}
  m_PrefabAsset: {fileID: 0}
  m_GameObject: {fileID: 0}
  m_Enabled: 1
  m_EditorHideFlags: 0
  m_Script: {fileID: 11500000, guid: dfffb087b26b8fd4a9c6bf6328281204, type: 3}
  m_Name: TOR_Modify_PositionRelative
  m_EditorClassIdentifier: 
  positionX: {fileID: -8043173953535195068}
  positionY: {fileID: -7278844552073667395}
  position: 0
--- !u!114 &6489556819352202742
MonoBehaviour:
  m_ObjectHideFlags: 0
  m_CorrespondingSourceObject: {fileID: 0}
  m_PrefabInstance: {fileID: 0}
  m_PrefabAsset: {fileID: 0}
  m_GameObject: {fileID: 0}
  m_Enabled: 1
  m_EditorHideFlags: 0
  m_Script: {fileID: 11500000, guid: 876d9480b79b689419d981104632fec2, type: 3}
  m_Name: TOR_Add_Tile
  m_EditorClassIdentifier: 
  rp_rule: {fileID: -4877102729790089356}
  rp_tile: {fileID: 3782484344626980093}
--- !u!114 &6565903586023051573
MonoBehaviour:
  m_ObjectHideFlags: 0
  m_CorrespondingSourceObject: {fileID: 0}
  m_PrefabInstance: {fileID: 0}
  m_PrefabAsset: {fileID: 0}
  m_GameObject: {fileID: 0}
  m_Enabled: 1
  m_EditorHideFlags: 0
  m_Script: {fileID: 11500000, guid: 838b2f4c47b45274483065ec275c52ad, type: 3}
  m_Name: RP_RulesList
  m_EditorClassIdentifier: 
  mainAsset: {fileID: 3229084412501723447}
  foldoutTitle: Rules (1)
  showRule: 1
  rules:
  - {fileID: -2233578878442912070}
  foldouts: 01
--- !u!114 &6743574552164693782
MonoBehaviour:
  m_ObjectHideFlags: 0
  m_CorrespondingSourceObject: {fileID: 0}
  m_PrefabInstance: {fileID: 0}
  m_PrefabAsset: {fileID: 0}
  m_GameObject: {fileID: 0}
  m_Enabled: 1
  m_EditorHideFlags: 0
  m_Script: {fileID: 11500000, guid: 838b2f4c47b45274483065ec275c52ad, type: 3}
  m_Name: RP_RulesList
  m_EditorClassIdentifier: 
  mainAsset: {fileID: -5225658279231896579}
  foldoutTitle: Rules (2)
  showRule: 0
  rules:
  - {fileID: -887599721564277476}
  - {fileID: 4522083199085462057}
  foldouts: 0101
--- !u!114 &7147151108279544952
MonoBehaviour:
  m_ObjectHideFlags: 0
  m_CorrespondingSourceObject: {fileID: 0}
  m_PrefabInstance: {fileID: 0}
  m_PrefabAsset: {fileID: 0}
  m_GameObject: {fileID: 0}
  m_Enabled: 1
  m_EditorHideFlags: 0
  m_Script: {fileID: 11500000, guid: eef1385713c22fa43bc7fd756e997cff, type: 3}
  m_Name: RP_ModifyIntMinusTwoBorders
  m_EditorClassIdentifier: 
  mainAsset: {fileID: 1829140284875515068}
  foldoutTitle: 
  showRule: 0
--- !u!114 &7402554995921710258
MonoBehaviour:
  m_ObjectHideFlags: 0
  m_CorrespondingSourceObject: {fileID: 0}
  m_PrefabInstance: {fileID: 0}
  m_PrefabAsset: {fileID: 0}
  m_GameObject: {fileID: 0}
  m_Enabled: 1
  m_EditorHideFlags: 0
  m_Script: {fileID: 11500000, guid: 34d79d25b309c764185f02c4a3efe230, type: 3}
  m_Name: RP_IntManual
  m_EditorClassIdentifier: 
  mainAsset: {fileID: -887599721564277476}
  foldoutTitle: 
  showRule: 0
  manualSizeValue: 1
--- !u!114 &7487179454257287632
MonoBehaviour:
  m_ObjectHideFlags: 0
  m_CorrespondingSourceObject: {fileID: 0}
  m_PrefabInstance: {fileID: 0}
  m_PrefabAsset: {fileID: 0}
  m_GameObject: {fileID: 0}
  m_Enabled: 1
  m_EditorHideFlags: 0
  m_Script: {fileID: 11500000, guid: 34d79d25b309c764185f02c4a3efe230, type: 3}
  m_Name: RP_IntManual
  m_EditorClassIdentifier: 
  mainAsset: {fileID: 485740778999439494}
  foldoutTitle: 
  showRule: 0
  manualSizeValue: 0
--- !u!114 &7505873746739621232
MonoBehaviour:
  m_ObjectHideFlags: 0
  m_CorrespondingSourceObject: {fileID: 0}
  m_PrefabInstance: {fileID: 0}
  m_PrefabAsset: {fileID: 0}
  m_GameObject: {fileID: 0}
  m_Enabled: 1
  m_EditorHideFlags: 0
  m_Script: {fileID: 11500000, guid: 34d79d25b309c764185f02c4a3efe230, type: 3}
  m_Name: RP_IntManual
  m_EditorClassIdentifier: 
  mainAsset: {fileID: -5603866261575325628}
  foldoutTitle: 
  showRule: 0
  manualSizeValue: 0
--- !u!114 &7884274101987559802
MonoBehaviour:
  m_ObjectHideFlags: 0
  m_CorrespondingSourceObject: {fileID: 0}
  m_PrefabInstance: {fileID: 0}
  m_PrefabAsset: {fileID: 0}
  m_GameObject: {fileID: 0}
  m_Enabled: 1
  m_EditorHideFlags: 0
  m_Script: {fileID: 11500000, guid: 34d79d25b309c764185f02c4a3efe230, type: 3}
  m_Name: RP_IntManual
  m_EditorClassIdentifier: 
  mainAsset: {fileID: 6386821639092166180}
  foldoutTitle: 
  showRule: 0
  manualSizeValue: 0
--- !u!114 &7897013979343408188
MonoBehaviour:
  m_ObjectHideFlags: 0
  m_CorrespondingSourceObject: {fileID: 0}
  m_PrefabInstance: {fileID: 0}
  m_PrefabAsset: {fileID: 0}
  m_GameObject: {fileID: 0}
  m_Enabled: 1
  m_EditorHideFlags: 0
  m_Script: {fileID: 11500000, guid: 7273bc96d058d614c87288e44b7c11a4, type: 3}
  m_Name: RP_Tile
  m_EditorClassIdentifier: 
  mainAsset: {fileID: -2451701794505224609}
  foldoutTitle: Tile (BigWindowsHouse_11)
  showRule: 0
  tile: {fileID: 11400000, guid: d771bbd725756f34ea5bdac60c6f2840, type: 2}
--- !u!114 &8031160004638024659
MonoBehaviour:
  m_ObjectHideFlags: 0
  m_CorrespondingSourceObject: {fileID: 0}
  m_PrefabInstance: {fileID: 0}
  m_PrefabAsset: {fileID: 0}
  m_GameObject: {fileID: 0}
  m_Enabled: 1
  m_EditorHideFlags: 0
  m_Script: {fileID: 11500000, guid: eef1385713c22fa43bc7fd756e997cff, type: 3}
  m_Name: RP_ModifyIntMinusTwoBorders
  m_EditorClassIdentifier: 
  mainAsset: {fileID: -3317442127980446634}
  foldoutTitle: 
  showRule: 0
--- !u!114 &8250222621100202775
MonoBehaviour:
  m_ObjectHideFlags: 0
  m_CorrespondingSourceObject: {fileID: 0}
  m_PrefabInstance: {fileID: 0}
  m_PrefabAsset: {fileID: 0}
  m_GameObject: {fileID: 0}
  m_Enabled: 1
  m_EditorHideFlags: 0
  m_Script: {fileID: 11500000, guid: 838b2f4c47b45274483065ec275c52ad, type: 3}
  m_Name: RP_RulesList
  m_EditorClassIdentifier: 
  mainAsset: {fileID: 3477582974876196960}
  foldoutTitle: Rules (2)
  showRule: 0
  rules:
  - {fileID: 1829140284875515068}
  - {fileID: -3853620046600024111}
  foldouts: 0101
--- !u!114 &9086663219159446323
MonoBehaviour:
  m_ObjectHideFlags: 0
  m_CorrespondingSourceObject: {fileID: 0}
  m_PrefabInstance: {fileID: 0}
  m_PrefabAsset: {fileID: 0}
  m_GameObject: {fileID: 0}
  m_Enabled: 1
  m_EditorHideFlags: 0
  m_Script: {fileID: 11500000, guid: 838b2f4c47b45274483065ec275c52ad, type: 3}
  m_Name: RP_RulesList
  m_EditorClassIdentifier: 
  mainAsset: {fileID: 1384129799800029240}
  foldoutTitle: Rules (1)
  showRule: 0
  rules:
  - {fileID: 6386821639092166180}
  foldouts: 01
--- !u!114 &9145935729489948280
MonoBehaviour:
  m_ObjectHideFlags: 0
  m_CorrespondingSourceObject: {fileID: 0}
  m_PrefabInstance: {fileID: 0}
  m_PrefabAsset: {fileID: 0}
  m_GameObject: {fileID: 0}
  m_Enabled: 1
  m_EditorHideFlags: 0
  m_Script: {fileID: 11500000, guid: 876d9480b79b689419d981104632fec2, type: 3}
  m_Name: TOR_Add_Tile
  m_EditorClassIdentifier: 
  rp_rule: {fileID: 1357939816907767891}
  rp_tile: {fileID: -8234062183320925288}
